date,item,quantity,unit_price,discount,cash,bank,sales,pay_type,month
1/10/2020,225/70/16,2,18500,0,0,0,37000,Cash,10
1/10/2020,205/60/16,1,12800,0,0,0,12800,Cash,10
1/10/2020,215/60/16,2,13500,0,60000,16800,27000,Cash,10
1/10/2020,215/60/16,2,13500,0,0,0,27000,Cash,10
1/10/2020,185/70/14,2,9800,0,120000,12400,19600,Cash,10
1/10/2020,185/70/13,2,10000,0,0,0,20000,Credit Sales,10
1/10/2020,205/60/16,2,12800,0,0,0,25600,Transfer,10
1/10/2020,215/60/16,2,13300,0,0,0,26600,Transfer,10
2/10/2020,235/70/16,2,19000,0,76000,0,38000,Cash,10
2/10/2020,195/14C,2,15000,0,30000,0,30000,Cash,10
2/10/2020,205/60/16,0,128000,0,0,0,0,Cash,10
2/10/2020,225/55/17,0,15000,0,131000,69600,0,Cash,10
2/10/2020,215/60/16,2,13300,0,0,0,26600,Credit Sales,10
2/10/2020,205/60/16,2,12800,0,0,0,25600,Cash,10
3/10/2020,225/70/16 ,2,18500,0,0,37000,37000,Transfer,10
3/10/2020,235/70/16,2,19000,0,0,0,38000,Cash,10
5/10/2020,215/60/16,2,13300,0,0,0,26600,Cash,10
5/10/2020,185/70/14,2,10000,0,0,0,20000,Cash,10
6/10/2020,245/70/16,2,19000,0,152000,0,38000,Cash,10
6/10/2020,195/15C,2,16500,0,99000,0,33000,Cash,10
7/10/2020,185/70/14,2,10000,0,0,0,20000,Cash,10
7/10/2020,215/60/16,2,13300,0,50000,53200,26600,Cash,10
8/10/2020,205/65/15,2,12800,0,0,0,25600,Others,10
8/10/2020,205/65/15,2,13000,0,0,0,26000,Others,10
8/10/2020,205/60/16,2,13000,0,0,0,26000,Others,10
8/10/2020,195/65/15,2,11000,0,0,0,22000,Others,10
8/10/2020,185/70/14,2,9600,0,0,0,19200,Others,10
8/10/2020,205/65/15,2,12800,0,0,0,32000,Transfer,10
8/10/2020,205/65/15,2,13000,0,0,0,31000,Transfer,10
8/10/2020,205/60/16,2,13000,0,0,0,21400,Transfer,10
8/10/2020,195/65/15,2,11000,0,0,0,22000,Transfer,10
8/10/2020,185/70/14,2,9600,0,0,0,22000,Transfer,10
9/10/2020,215/60/16,2,13400,0,0,0,26800,Cash,10
9/10/2020,205/60/16,2,13000,0,0,0,26000,Cash,10
9/10/2020,205/60/16,2,12700,0,0,0,25400,Cash,10
9/10/2020,185/70/14,3,10000,0,50000,98400,30000,Cash,10
9/10/2020,185/70/14,2,9800,0,0,0,19600,Transfer,10
9/10/2020,205/55/16,2,12500,0,0,0,25000,Transfer,10
9/10/2020,225/55/17,2,15800,0,0,0,31600,Transfer,10
9/10/2020,225/65/17,2,18000,0,0,0,36000,Transfer,10
10/10/2020,205/65/15,2,12800,0,0,204800,25600,Transfer,10
10/10/2020,185/65/15,2,10700,0,0,0,21400,Transfer,10
10/10/2020,205/65/15,2,12800,0,0,0,25600,Transfer,10
10/10/2020,215/60/16,2,13000,0,0,158800,26000,Transfer,10
10/10/2020,185/70/14,2,9800,0,0,0,19600,Transfer,10
10/10/2020,195/14C,2,14500,0,0,0,29000,Transfer,10
10/10/2020,195/15C,3,16500,0,0,249000,49500,Transfer,10
10/10/2020,185/14C,2,13500,0,0,0,27000,Cash,10
12/10/2020,185/70/14,2,10000,0,0,0,20000,Cash,10
12/10/2020,195/65/15,2,11000,0,0,0,22000,Cash,10
12/10/2020,195/70/14,2,11000,0,0,0,22000,Cash,10
12/10/2020,205/60/16,2,13000,0,160000,30000,26000,Cash,10
12/10/2020,225/45/18,2,17000,0,0,0,34000,Cash,10
12/10/2020,185/70/14,2,9600,0,0,0,19200,Cash,10
12/10/2020,205/60/16,2,13000,0,0,0,26000,Cash,10
12/10/2020,205/65/15,0,12800,0,0,0,0,Cash,10
10/13/2020,185/70/14,2,10000,0,0,0,20000,Cash,10
10/13/2020,215/60/16,2,13800,0,0,0,27600,Cash,10
10/13/2020,205/65/15,2,13000,0,150000,57200,26000,Cash,10
10/13/2020,195/65/15,2,11000,0,0,0,22000,Cash,10
10/14/2020,195/70/14,2,11000,0,0,0,22000,Credit Sales,10
10/14/2020,205/65/15,2,12800,0,0,0,25600,Cash,10
10/14/2020,195/70/14,2,11000,0,0,0,22000,Cash,10
10/14/2020,205/60/16,2,12700,0,0,0,25400,Cash,10
10/14/2020,185/70/14,2,9900,0,57000,128800,19800,Cash,10
10/14/2020,215/60/16,2,13800,0,0,0,27600,Transfer,10
10/15/2020,185/70/14,2,9600,0,0,0,19200,Cash,10
10/15/2020,185/70/14,2,10000,0,0,0,20000,Cash,10
10/15/2020,185/70/14,2,9900,0,65000,93000,19800,Cash,10
10/15/2020,185/70/14,2,10000,0,200000,200000,20000,Cash,10
10/16/2020,185/70/14,2,10000,0,40000,0,20000,Cash,10
10/16/2020,205/60/16,2,12700,0,0,0,25400,Cash,10
10/16/2020,385/65/22.5,2,93000,0,0,372000,186000,Transfer,10
10/16/2020,315/80/22.5 616,2,72000,0,0,0,144000,Cash,10
10/16/2020,315/80/22.5 616,2,72000,0,200000,82400,144000,Cash,10
10/16/2020,315/80/22.5 FA 808,2,73000,0,0,730000,146000,Transfer,10
10/16/2020,315/80/22.5 FA 808,2,73500,0,0,0,147000,Transfer,10
10/16/2020,385/65/22.5,2,93000,0,0,1362000,186000,Transfer,10
10/16/2020,315/80/22.5 FA 868,2,78000,0,0,780000,156000,Transfer,10
10/16/2020,385/65/22.5,2,93000,0,0,0,186000,Others,10
10/16/2020,315/80/22.5 FA 808,2,73000,0,0,292000,146000,Others,10
10/16/2020,315/80/22.5 616,2,72000,0,144000,0,144000,Cash,10
10/17/2020,185/70/14,2,10000,0,20000,0,20000,Cash,10
10/17/2020,205/65/15,2,12800,0,35000,67400,25600,Cash,10
10/17/2020,205/65/15,2,12800,0,25600,0,25600,Cash,10
10/17/2020,195/65/15,2,11000,0,0,0,22000,Transfer,10
10/17/2020,195/70/14,2,11000,0,0,220000,22000,Transfer,10
10/17/2020,185/70/14,2,10000,0,0,0,20000,Cash,10
10/19/2020,205/65/15,2,12800,0,100000,28000,25600,Cash,10
10/19/2020,195/70/14,2,11000,0,0,0,22000,Transfer,10
10/19/2020,195/65/15,2,11000,0,0,220000,22000,Transfer,10
10/19/2020,195/65/15,2,11000,0,0,0,22000,Cash,10
10/19/2020,195/70/14,2,11000,0,150000,70000,22000,Cash,10
10/19/2020,205/65/15,2,12800,0,25600,0,25600,Cash,10
10/20/2020,185/70/14,2,9900,0,0,0,19800,Cash,10
10/20/2020,205/60/16,2,12700,0,124400,125400,25400,Cash,10
10/20/2020,185/70/14,2,9900,0,0,0,19800,Cash,10
10/20/2020,205/65/15,2,12800,0,0,0,25600,Cash,10
10/20/2020,195/65/15,1,10700,0,0,0,10700,Cash,10
10/20/2020,205/60/16,1,12700,0,80000,44000,12700,Cash,10
10/21/2020,185/70/14,2,9850,0,0,246250,19700,Transfer,10
10/21/2020,205/65/15 SUNFULL,2,12500,0,0,0,25000,Cash,10
10/21/2020,195/65/15 BOTO,2,11000,0,75000,42500,22000,Cash,10
10/21/2020,185/70/14 BOTO,2,9900,0,0,0,19800,Cash,10
10/21/2020,205/65/15 SUNFULL,2,12500,0,0,149000,25000,Cash,10
10/21/2020,195/65/15 BOTO,2,11000,0,0,0,22000,Cash,10
10/21/2020,205/60/16 BOTO,2,12900,0,0,0,25800,Cash,10
10/21/2020,215/60/16 BOTO,2,13700,0,0,0,27400,Cash,10
10/22/2020,205/65/15 SUNFULL,0,12500,0,0,0,0,Cash,10
10/22/2020,185/70/14 SUNFULL,0,9900,0,149500,0,0,Cash,10
10/22/2020,205/65/15 SUNFULL,2,12500,0,0,0,25000,Cash,10
10/22/2020,185/70/14 BOTO,2,9900,0,149500,0,19800,Cash,10
10/22/2020,225/60/17 BOTO,1,18000,0,0,18000,18000,Transfer,10
10/22/2020,195/15C SUNFULL,2,16800,0,0,0,33600,Cash,10
10/23/2020,185/70/14 BOTO ,0,9800,0,0,0,0,Cash,10
10/23/2020,185/70/14 BOTO,0,9800,0,0,0,0,Cash,10
10/23/2020,185/70/14 BOTO ,2,10000,0,80000,0,20000,Cash,10
10/23/2020,185/70/14 SUNFULL,2,9700,0,0,0,19400,Cash,10
10/23/2020,185/14C SUNFULL,2,14000,0,0,0,28000,Cash,10
10/23/2020,215/60/16 SUNFULL,2,13400,0,0,0,26800,Cash,10
10/24/2020,195/70/14 BOTO,2,11000,0,44000,0,22000,Cash,10
10/24/2020,235/70/16 JOYROAD,2,18800,0,0,0,37600,Cash,10
10/24/2020,225/65/17 BOTO,2,18000,0,0,0,36000,Cash,10
10/24/2020,235/60/18 WINDA,2,21000,0,0,315200,42000,Cash,10
10/24/2020,215/60/16 BOTO,2,13800,0,69000,0,27600,Cash,10
10/24/2020,205/60/16 BOTO ,2,13000,0,0,0,26000,Cash,10
10/28/2020,185/70/14 JOYROAD ,2,9700,0,97000,0,19400,Cash,10
10/28/2020,215/60/16 JOYROAD,3,13400,0,0,0,40200,Transfer,10
10/28/2020,215/60/16 SUNFULL,1,13400,0,0,0,13400,Transfer,10
10/28/2020,215/60/16 BOTO,2,13800,0,0,0,27600,Transfer,10
10/29/2020,185/70/14 JOYROAD,1,9700,0,9700,0,9700,Cash,10
10/29/2020,225/65/17 BOTO,2,18500,0,0,0,37000,Cash,10
10/29/2020,185/70/14 JOYROAD,2,9700,0,0,0,19400,Cash,10
10/29/2020,215/60/16 BOTO,2,13800,0,0,0,27600,Cash,10
10/29/2020,215/60/16 SUNFULL,2,13400,0,50000,89900,26800,Cash,10
10/29/2020,205/60/16 BOTO,2,12800,0,0,0,25600,Cash,10
10/30/2020,225/45/17 WINDA,2,15500,0,31000,0,31000,Cash,10
10/30/2020,205/65/15 SUNFULL,2,12500,0,0,250000,25000,Cash,10
10/30/2020,195/60/15 BOTO,2,10700,0,0,0,21400,Cash,10
10/30/2020,225/50/17 BOTO,2,15500,0,0,0,31000,Cash,10
10/30/2020,195/65/15 BOTO,3,11000,0,0,0,33000,Cash,10
10/30/2020,205/65/15 SUNFULL,2,12500,0,120000,126000,25000,Cash,10
10/30/2020,195/15C SUNFULL,2,16800,0,0,67200,33600,Transfer,10
10/30/2020,195/60/15 BOTO,2,10700,0,0,0,21400,Cash,10
10/30/2020,185/14C SUNFULL,2,14000,0,0,0,28000,Cash,10
10/30/2020,205/60/16 BOTO,2,13000,0,0,0,26000,Cash,10
10/31/2020,205/65/15 SUNFULL,3,12500,0,0,0,37500,Cash,10
10/31/2020,185/70/14 SUNFULL,1,9700,0,0,0,9700,Cash,10
10/31/2020,185/70/14 JOYROAD,3,9700,0,0,0,29100,Cash,10
10/31/2020,195/65/15 SUNFULL,2,10700,0,0,0,21400,Cash,10
10/31/2020,205/60/16 SUNFULL,2,12700,0,2100,121000,25400,Cash,10
10/31/2020,195/65/15 SUNFULL,2,10700,0,0,0,21400,Cash,10
2/11/2020,185/70/14 SUNFULL,2,9700,0,97000,0,19400,Cash,11
2/11/2020,235/70/16 JOYROAD,2,19000,0,0,0,38000,Cash,11
3/11/2020,205/65/15 WINDA,2,14000,0,56000,0,28000,Cash,11
3/11/2020,215/60/16 BOTO,2,13800,0,0,0,27600,Credit Sales,11
3/11/2020,205/60/16 BOTO,2,13000,0,0,268000,26000,Credit Sales,11
3/11/2020,195/60/15 BOTO,2,10700,0,0,0,21400,Transfer,11
3/11/2020,195/65/15 SUNFULL,2,10700,0,0,0,22000,Transfer,11
3/11/2020,195/65/15 BOTO,2,11000,0,33000,0,33000,Cash,11
4/11/2020,245/45/17 JOYROAD,2,16500,0,29000,0,29000,Cash,11
4/11/2020,195/65/15 BOTO,2,14500,0,216000,0,144000,Cash,11
4/11/2020,315/80/22.5 616 WELLPLUS,2,72000,0,0,0,176000,Cash,11
4/11/2020,12.00/20 GALLANT,2,88000,0,0,0,144000,Cash,11
4/11/2020,315/80/22.5 FA 808 FRIDERIC,2,72000,0,0,0,188000,Transfer,11
4/11/2020,385/65/22.5 FRIDERIC,2,94000,0,292000,0,146000,Cash,11
4/11/2020,315/80/22.5 FA 808 FRIDERIC,2,73000,0,0,0,188000,Cash,11
4/11/2020,385/65/22.5 FRIDERIC,2,94000,0,0,0,144400,Cash,11
4/11/2020,315/80/22.5 FA 606 FRIDERIC,2,72200,0,0,0,176000,Cash,11
4/11/2020,12.00/20 GALLANT,2,88000,0,0,0,145000,Cash,11
4/11/2020,315/80/22.5 FA 808 FRIDERIC ,2,72500,0,192000,0,96000,Cash,11
4/11/2020,265/70/19.5 COMPASSAL ,2,48000,0,0,0,21400,Transfer,11
5/11/2020,195/65/15 SUNFULL,2,10700,0,0,107000,21400,Cash,11
5/11/2020,195/65/15 SUNFULL,2,10700,0,38500,0,19400,Cash,11
6/11/2020,185/70/14 SUNFULL,2,9700,0,44000,0,22000,Cash,11
6/11/2020,195/60/15 BOTO ,2,11000,0,0,0,19400,Cash,11
7/11/2020,185/70/14 SUNFULL,2,9700,0,0,0,21400,Cash,11
7/11/2020,185/65/15 BOTO,2,10700,0,0,0,27600,Transfer,11
9/11/2020,215/60/16 BOTO,2,13800,0,0,0,25400,Transfer,11
9/11/2020,205/60/16 SUNFULL,2,12700,0,0,0,22000,Transfer,11
9/11/2020,195/65/15 WINDA,2,11000,0,0,0,28000,Transfer,11
9/11/2020,215/65/16 WINDA,2,14000,0,0,0,33000,Transfer,11
9/11/2020,195/15C TORQUE,2,16500,0,0,0,19000,Transfer,11
9/11/2020,185/65/14 JOYROAD,2,9500,0,0,0,22000,Transfer,11
9/11/2020,195/65/15 WINDA,2,11000,0,0,0,38000,Transfer,11
9/11/2020,235/70/16 JOYROAD,2,19000,0,0,0,21400,Cash,11
10/11/2020,195/60/15 BOTO,2,10700,0,0,0,32100,Cash,11
10/11/2020,195/70/14 SUNFULL,3,10700,0,0,0,21400,Cash,11
12/11/2020,185/65/15 WINDA,2,10700,0,130000,20100,27600,Cash,11
12/11/2020,215/60/16 BOTO,2,13800,0,67000,0,26800,Transfer,11
11/13/2020,215/60/16 SUNFULL,2,13400,0,0,0,26800,Cash,11
11/13/2020,215/60/16 SUNFULL,2,13400,0,0,0,27600,Cash,11
11/14/2020,215/60/16 BOTO,2,13800,0,0,0,26800,Cash,11
11/14/2020,215/60/16 SUNFULL,2,13400,0,95000,51800,38000,Cash,11
11/14/2020,235/70/16 JOYROAD,2,19000,0,57000,0,57000,Transfer,11
11/14/2020,235/70/16 JOYROAD,2,19000,0,0,0,38000,Transfer,11
11/14/2020,235/70/16 JOYROAD,2,19000,0,0,0,26800,Cash,11
11/14/2020,215/60/16 SUNFULL,2,13400,0,0,1015000,145000,Transfer,11
11/14/2020,315/80/22.5 FA 606 FRIDERIC,2,72500,0,0,725000,725000,Transfer,11
11/16/2020,TVS KING TVS TRICYCLE,1,725000,0,85600,0,21400,Cash,11
11/16/2020,185/70/14 BOTO,2,10700,0,0,0,19000,Cash,11
11/16/2020,155/12C SUNFULL,2,9500,0,0,0,38000,Cash,11
11/16/2020,235/70/16 JOYROAD,2,19000,0,80000,46900,42000,Cash,11
11/16/2020,215/60/16 BOTO,3,14000,0,0,0,38000,Credit Sales,11
11/16/2020,235/70/16 JOYROAD,2,19000,0,0,0,17000,Credit Sales,11
11/16/2020,185/70/13 SUNFULL,2,8500,0,85000,26600,28000,Credit Sales,11
11/16/2020,215/60/16 BOTO,2,14000,0,0,0,19200,Cash,11
11/16/2020,185/70/14 JOYROAD,2,9600,0,0,0,22000,Cash,11
11/16/2020,195/65/15 JOYROAD,2,11000,0,0,0,26000,Cash,11
11/16/2020,205/65/15 JOYROAD,2,13000,0,21400,0,21400,Cash,11
11/17/2020,185/65/15 JOYROAD,2,10700,0,10800,0,10800,Transfer,11
11/17/2020,185/70/14 BOTO,1,10800,0,0,0,26400,Others,11
11/17/2020,205/65/15 BOTO,2,13200,0,0,0,26000,Others,11
11/17/2020,205/65/15 JOYROAD,2,13000,0,0,0,19200,Others,11
11/17/2020,185/70/14 JOYROAD,2,9600,0,0,0,28000,Others,11
11/17/2020,215/65/16 BOTO,2,14000,0,0,0,21400,Others,11
11/17/2020,185/70/14 WINDA,2,10700,0,0,0,30000,Others,11
11/17/2020,225/45/17 JOYROAD,2,15000,0,0,0,40500,Cash,11
11/18/2020,205/60/16 BOTO,3,13500,0,0,0,27000,Cash,11
11/18/2020,205/65/15 BOTO,2,13500,0,0,0,23000,Cash,11
11/18/2020,195/65/15 BOTO,2,11500,0,0,0,22400,Cash,11
11/18/2020,195/65/15 JOYROAD,2,11200,0,0,0,26000,Cash,11
11/18/2020,205/60/16 JOYROAD,2,13000,0,291300,0,27000,Cash,11
11/18/2020,215/60/16 JOYROAD,2,13500,0,0,32000,32000,Transfer,11
11/18/2020,215/60/16 JOYROAD,2,16000,0,11000,0,11000,Others,11
11/18/2020,195/70/14 JOYROAD,1,11000,0,0,78000,156000,Cash,11
11/18/2020,315/80/22.5 FA 818 FRIDERIC,2,78000,0,0,0,27000,Cash,11
11/19/2020,205/65/15 BOTO,2,13500,0,0,0,26000,Cash,11
11/19/2020,205/65/15 JOYROAD,2,13000,0,0,0,19600,Cash,11
11/19/2020,185/70/14 JOYROAD,2,9800,0,0,0,22000,Cash,11
11/19/2020,195/65/15 JOYROAD,2,11000,0,0,0,22400,Transfer,11
11/19/2020,195/65/15 JOYROAD,2,11200,0,0,0,26000,Transfer,11
11/19/2020,205/60/16 JOYROAD,2,13000,0,0,0,148000,Cash,11
11/19/2020,315/80/22.5 FA 616 FRIDERIC,2,74000,0,40000,88000,148000,Credit Sales,11
11/20/2020,315/80/22.5 616 WELLPLUS,2,74000,0,0,0,20000,Cash,11
11/21/2020,185/70/14 JOYROAD,2,10000,0,0,0,22400,Cash,11
11/21/2020,195/65/15 JOYROAD,2,11200,0,0,0,46000,Cash,11
11/21/2020,235/60/18 WINDA,2,23000,0,0,0,27000,Cash,11
11/21/2020,205/65/15 BOTO,2,13500,0,0,0,22400,Credit Sales,11
11/21/2020,195/65/15 JOYROAD,2,11200,0,26000,56000,26000,Credit Sales,11
11/21/2020,205/60/16 JOYROAD,2,13000,0,26000,56000,484000,Credit Sales,11
11/23/2020,185/70/14 JOYROAD,2,10500,0,21000,0,21000,Credit Sales,11
11/23/2020,205/65/15 BOTO,2,13800,0,0,0,27600,Transfer,11
11/23/2020,385/65/22.5 FRIDERIC,2,102000,0,102000,0,204000,Cash,11
11/24/2020,185/70/14 WINDA,2,11500,0,0,230000,23000,Transfer,11
11/24/2020,195/65/15 JOYROAD,2,11500,0,0,0,23000,Cash,11
11/25/2020,205/60/16 JOYROAD,2,13500,0,0,54000,27000,Cash,11
11/25/2020,195/65/15 BOTO,2,11800,0,0,0,23600,Cash,11
11/26/2020,225/70/16 BOTO,2,18500,0,0,0,37000,Credit Sales,11
11/26/2020,225/55/17 JOYROAD,2,15500,0,0,62000,31000,Cash,11
11/26/2020,205/60/16 BOTO,2,13700,0,205500,0,27400,Transfer,11
11/26/2020,195/65/15 JOYROAD,2,11500,0,0,0,23000,Cash,11
11/26/2020,205/60/16 BOTO,2,13800,0,0,0,27600,Cash,11
11/26/2020,225/55/17 JOYROAD,2,15500,0,0,0,31000,Cash,11
11/26/2020,195/65/15 JOYROAD,2,11500,0,44800,133400,23000,Cash,11
11/26/2020,195/60/15 JOYROAD,2,11200,0,0,0,22400,Others,11
11/26/2020,215/60/16 SUNFULL,2,13800,0,55200,0,27600,Cash,11
11/26/2020,225/70/16 BOTO,2,19000,0,0,0,38000,Credit Sales,11
11/27/2020,205/55/16 JOYROAD,1,12800,0,0,0,12800,Transfer,11
11/27/2020,205/65/15 JOYROAD,2,13500,0,0,0,27000,Transfer,11
11/27/2020,215/55/17 JOYROAD,2,15000,0,0,0,30000,Transfer,11
11/27/2020,155/12C JOYROAD,2,9300,0,219800,0,18600,Transfer,11
11/27/2020,205/60/16 BOTO,2,13800,0,0,0,27600,Cash,11
11/27/2020,205/60/16 JOYROAD,2,13500,0,17800,92000,27000,Cash,11
11/27/2020,315/80/22.5 FA 808 FRIDERIC,2,79000,0,0,0,158000,Transfer,11
11/27/2020,315/80/22.5 FA 616 FRIDERIC,2,79000,0,0,790000,158000,Transfer,11
11/27/2020,315/80/22.5 FA 808 FRIDERIC,2,79000,0,0,0,158000,Cheque,11
11/27/2020,315/80/22.5 FA 616 FRIDERIC,2,79000,0,0,0,158000,Cheque,11
11/27/2020,11.00/20 DOUPRO,2,86000,0,0,0,172000,Cheque,11
11/27/2020,11.00/20 DOUPRO,2,86000,0,0,0,172000,Cash,11
11/27/2020,315/80/22.5 FA 868 FRIDERIC,2,90000,0,0,1440000,180000,Cheque,11
11/27/2020,12.00/20 GALLANT,2,100000,0,0,0,200000,Credit Sales,11
11/27/2020,315/80/22.5 FA 808 FRIDERIC,2,82000,0,0,0,164000,Cash,11
11/27/2020,315/80/22.5 FA 808 FRIDERIC,2,80000,0,0,800000,160000,Transfer,11
1/12/2020,195/65/15 BOTO,2,11700,0,0,0,23400,Others,12
1/12/2020,215/60/16 JOYROAD,2,14300,0,0,0,28600,Cash,12
1/12/2020,205/60/16 JOYROAD,2,13800,0,150000,187200,27600,Cash,12
1/12/2020,185/70/14 BOTO,2,12000,0,0,0,24000,Credit Sales,12
1/12/2020,195/65/15 BOTO,2,12500,0,0,0,25000,Credit Sales,12
1/12/2020,215/60/16 WINDA,2,14500,0,0,0,29000,Credit Sales,12
2/12/2020,225/55/17 JOYROAD,2,15000,0,150000,0,30000,Cash,12
2/12/2020,215/60/16 JOYROAD,2,14300,0,0,0,28600,Cash,12
9/12/2020,215/70/16 WINDA,2,16000,0,0,128000,32000,Transfer,12
9/12/2020,185/70/14 WINDA,2,12000,0,0,0,24000,Credit Sales,12
12/15/2020,185/70/14 CACHLAND,2,11500,0,0,0,23000,Transfer,12
12/15/2020,195/65/15 SUNFULL,2,12500,0,0,0,25000,Transfer,12
12/16/2020,225/45/17 CACHLAND,2,15500,0,0,0,31000,Others,12
12/16/2020,215/60/16 SUNFULL,2,14500,0,0,0,29000,Others,12
12/16/2020,205/65/15 SUNFULL,2,14800,0,0,0,29600,Others,12
12/16/2020,185/70/14 CACHLAND,2,11500,0,0,0,23000,Others,12
12/16/2020,205/65/15 SUNFULL,2,15000,0,0,0,30000,Others,12
12/16/2020,185/70/14 CACHLAND,2,11500,0,0,0,23000,Others,12
12/17/2020,185/70/14 CACHLAND,2,11500,0,35000,80000,23000,Credit Sales,12
12/17/2020,185/70/14 CACHLAND,2,11500,0,115000,0,23000,Cash,12
12/21/2020,185/70/14 CACHLAND,2,11500,0,0,92000,23000,Transfer,12
12/21/2020,225/60/17 BOTO,2,17000,0,0,0,34000,Transfer,12
12/21/2020,185/70/13 SUNFULL,2,8500,0,0,0,17000,Transfer,12
12/21/2020,185/70/14 CACHLAND,2,11500,0,0,131000,23000,Transfer,12
12/22/2020,215/60/16 SUNFULL,2,14500,0,0,58000,29000,Transfer,12
12/22/2020,205/65/15 BOTO,2,15500,0,0,0,31000,Cash,12
12/22/2020,205/65/15 JOYROAD,2,15000,0,0,0,30000,Cash,12
12/22/2020,185/70/14 BOTO,2,12000,0,0,0,24000,Cash,12
12/22/2020,225/60/16 BOTO,2,16500,0,0,0,33000,Cash,12
12/22/2020,235/55/18 JOYROAD,2,22000,0,0,0,44000,Cash,12
12/22/2020,225/50/17 JOYROAD,2,16000,0,143000,871000,32000,Cash,12
12/22/2020,185/70/14 CACHLAND,2,11500,0,70000,45000,23000,Cash,12
12/22/2020,205/65/15 BOTO,2,15800,0,0,0,31600,Transfer,12
12/22/2020,205/65/15 JOYROAD,2,15500,0,0,313000,31000,Transfer,12
12/23/2020,235/60/18 BOTO,2,22500,0,0,225000,45000,Transfer,12
12/23/2020,205/65/15 JOYROAD,2,15300,0,0,0,30600,Others,12
12/23/2020,185/70/14 JOYROAD,2,11800,0,0,0,23600,Others,12
12/23/2020,225/50/17 JOYROAD,2,16000,0,0,0,32000,Others,12
12/23/2020,225/45/17 JOYROAD,2,16000,0,0,0,32000,Others,12
12/23/2020,215/65/16 JOYROAD,2,16000,0,0,0,32000,Others,12
12/23/2020,205/55/16 JOYROAD,2,14000,0,0,0,28000,Others,12
12/23/2020,225/55/17 JOYROAD,2,17000,0,0,0,34000,Others,12
12/23/2020,245/45/17 JOYROAD,2,20000,0,0,0,40000,Others,12
12/23/2020,205/65/15 JOYROAD,2,15300,0,0,0,30600,Others,12
12/24/2020,215/60/16 SUNFULL,2,17000,0,34000,0,34000,Others,12
12/24/2020,205/60/16 JOYROAD,2,14000,0,0,0,28000,Others,12
12/30/2020,215/60/16 SUNFULL,2,15000,0,30000,0,30000,Cash,12
12/30/2020,205/60/16 JOYROAD,2,14300,0,28600,0,28600,Cash,12
12/30/2020,185/70/14 JOYROAD,2,12000,0,10000,110000,24000,Cash,12
12/30/2020,275/45/20 JOYROAD,2,30000,0,0,120000,60000,Transfer,12
12/30/2020,225/65/17 BOTO,2,18500,0,0,185000,37000,Transfer,12
12/30/2020,225/55/17 BOTO,2,17000,0,0,0,34000,Transfer,12
5/1/2021,185/70/14 BOTO,2,12500,0,0,125000,25000,Transfer,1
5/1/2021,185/70/14 JOYROAD,2,11800,0,0,0,23600,Transfer,1
5/1/2021,205/60/16 JOYROAD,0,14300,0,0,0,0,Transfer,1
5/1/2021,205/60/16 JOYROAD,2,14700,0,0,408000,29400,Transfer,1
6/1/2021,225/60/17 BOTO,2,17000,0,0,0,34000,Cash,1
6/1/2021,215/60/16 SUNFULL,2,14500,0,0,0,29000,Cash,1
8/1/2021,235/55/18 BOTO,2,22000,0,0,0,44000,Transfer,1
8/1/2021,245/55/19 JOYROAD,2,28000,0,0,0,56000,Transfer,1
8/1/2021,275/45/20 JOYROAD,2,30000,0,0,0,60000,Transfer,1
8/1/2021,155/12C JOYROAD,2,10000,0,0,0,20000,Transfer,1
9/1/2021,245/55/19 JOYROAD,2,28000,0,0,0,56000,Cash,1
9/1/2021,185/70/14 JOYROAD,2,11800,0,47200,0,23600,Credit Sales,1
11/1/2021,185/70/14 JOYROAD,2,11800,0,0,0,23600,Cash,1
11/1/2021,215/60/16 SUNFULL,2,15000,0,38500,315000,30000,Cash,1
11/1/2021,215/60/16 SUNFULL,2,15000,0,0,0,30000,Cash,1
11/1/2021,205/65/15 CACHLAND,2,16000,0,0,0,32000,Cash,1
12/1/2021,185/70/14 JOYROAD,2,11800,0,0,0,23600,Cash,1
12/1/2021,195/65/15 SUNFULL,2,12000,0,190000,0,24000,Cash,1
12/1/2021,215/60/16 SUNFULL,2,14900,0,0,0,29800,Others,1
12/1/2021,215/60/16 AUSTONE,2,15900,0,0,0,31800,Others,1
12/1/2021,205/65/15 CACHLAND,2,15400,0,0,0,30800,Others,1
12/1/2021,205/65/15 CONSTANCY,2,16400,0,0,0,32800,Others,1
12/1/2021,195/65/15 CACHLAND,2,12500,0,0,0,25000,Others,1
12/1/2021,185/70/14 JOYROAD,2,11800,0,0,0,23600,Others,1
12/1/2021,185/70/14 AUSTONE,2,13000,0,0,0,26000,Others,1
12/1/2021,205/60/16 CONSTANCY,2,14900,0,0,0,29800,Others,1
1/13/2021,215/60/16 SUNFULL,2,14700,0,27000,120000,29400,Transfer,1
1/13/2021,225/55/17 AUSTONE,2,18000,0,0,0,36000,Cheque,1
1/13/2021,195/15C AUSTONE,2,18500,0,0,0,37000,Cheque,1
1/13/2021,215/70/15 CONSTANCY,2,18000,0,0,0,36000,Cheque,1
1/13/2021,225/45/17 AUSTONE,2,17000,0,0,0,34000,Cheque,1
1/13/2021,205/60/16 AUSTONE,2,15000,0,0,0,30000,Others,1
1/13/2021,215/60/16 AUSTONE,2,16000,0,0,0,32000,Others,1
1/13/2021,205/65/15 CONSTANCY,2,16500,0,0,0,33000,Others,1
1/13/2021,185/70/14 CACHLAND,2,11700,0,0,0,23400,Others,1
1/13/2021,205/65/15 CACHLAND,2,15500,0,0,0,31000,Others,1
1/14/2021,195/65/15 JOYROAD,2,12500,0,0,0,25000,Cash,1
1/14/2021,215/60/16 SUNFULL,2,15000,0,0,180000,30000,Cash,1
1/14/2021,185/70/14 CACHLAND,2,11800,0,0,0,23600,Others,1
1/14/2021,195/65/15 CACHLAND,2,12500,0,0,0,25000,Others,1
1/14/2021,205/65/15 CACHLAND,2,15500,0,0,0,31000,Others,1
1/14/2021,205/60/16 JOYROAD,2,14500,0,0,0,29000,Others,1
1/14/2021,215/60/16 JOYROAD,2,15000,0,0,0,30000,Others,1
1/14/2021,225/70/16 ROADX,2,21000,0,0,0,42000,Others,1
1/14/2021,235/70/16 AUSTONE,2,22900,0,0,0,45800,Others,1
1/14/2021,195/65/15 CACHLAND,0,12000,0,0,240000,0,Transfer,1
1/15/2021,215/60/16 SUNFULL,2,15000,0,165000,0,30000,Others,1
1/15/2021,185/70/14 CACHLAND,2,11800,0,0,0,23600,Others,1
1/15/2021,205/65/15 CACHLAND,2,15500,0,0,0,31000,Others,1
1/15/2021,205/65/15 CONSTANCY,2,16500,0,0,0,33000,Others,1
1/16/2021,185/70/14 JOYROAD,2,12000,0,0,0,24000,Credit Sales,1
1/16/2021,185/70/13 SUNFULL,1,10000,0,10000,0,10000,Transfer,1
1/16/2021,205/65/15 CONSTANCY,2,16500,0,0,0,33000,Others,1
1/16/2021,215/60/16 CONSTANCY,2,16000,0,0,0,32000,Transfer,1
1/16/2021,205/65/15 CONSTANCY,2,16500,0,0,0,33000,Transfer,1
1/16/2021,235/55/18 JOYROAD,2,23000,0,0,0,46000,Transfer,1
1/16/2021,215/65/16 JOYROAD,2,16500,0,0,0,33000,Transfer,1
1/16/2021,195/70/14 JOYROAD,2,12500,0,0,0,25000,Transfer,1
1/18/2021,195/65/15 SUNFULL,0,12500,0,0,0,0,Transfer,1
1/18/2021,185/70/14 AUSTONE,0,13000,0,0,0,0,Transfer,1
1/18/2021,215/60/16 SUNFULL,0,15000,0,0,0,0,Transfer,1
1/18/2021,205/60/16 AUSTONE,2,15000,0,0,0,30000,Cash,1
1/19/2021,195/65/15 AUSTONE,2,13300,0,0,0,26600,Transfer,1
1/19/2021,195/70/14 AUSTONE,2,13300,0,0,0,26600,Transfer,1
1/19/2021,195/70/14 JOYROAD,2,12500,0,0,395800,25000,Transfer,1
1/19/2021,215/65/16 AUSTONE,2,17000,0,0,0,34000,Cash,1
1/19/2021,195/65/15 CACHLAND,2,12500,0,0,0,25000,Cash,1
1/19/2021,225/55/17 BOTO,2,17500,0,0,0,35000,Cash,1
1/20/2021,215/60/16 CONSTANCY,2,16000,0,0,0,32000,Cash,1
1/20/2021,215/65/16 JOYROAD,2,17000,0,0,0,34000,Cash,1
1/20/2021,185/70/14 AUSTONE,2,13000,0,0,0,26000,Cash,1
1/20/2021,195/70/14 AUSTONE,2,13500,0,0,0,27000,Cash,1
1/21/2021,110-19V JINCHENG LADIES,1,282000,0,0,0,282000,Credit Sales,1
1/21/2021,BM-100 BOXER BAJAJ,1,276000,0,0,0,276000,Credit Sales,1
1/21/2021,185/70/14 AUSTONE,2,13000,0,0,0,26000,Others,1
1/21/2021,185/70/14 AUSTONE,2,13000,0,0,0,26000,Transfer,1
1/21/2021,195/70/14 AUSTONE,2,13300,0,0,0,26600,Transfer,1
1/21/2021,185/70/14 CACHLAND,2,11900,0,0,0,23800,Transfer,1
1/21/2021,185/70/13 SUNFULL,2,8500,0,0,1064000,17000,Transfer,1
1/21/2021,185/70/14 CACHLAND,2,11700,0,0,0,23400,Cash,1
1/22/2021,BM-100 BOXER BAJAJ,1,276000,0,0,0,276000,Credit Sales,1
1/22/2021,BM-100 BOXER BAJAJ,1,272000,0,0,0,272000,Credit Sales,1
1/22/2021,HLX PLUS TVS MOTORCYCLE,1,263000,0,0,0,263000,Credit Sales,1
1/22/2021,255/70/15 AUSTONE,0,18000,0,0,0,0,Transfer,1
1/22/2021,185/70/14 AUSTONE,2,13000,0,0,0,26000,Transfer,1
1/22/2021,195/65/15 AUSTONE,2,13300,0,0,0,26600,Transfer,1
1/22/2021,185/70/14 CACHLAND,2,11700,0,0,0,23400,Transfer,1
1/23/2021,BM-100 BOXER BAJAJ,1,276000,0,0,0,276000,Credit Sales,1
1/23/2021,BM-100 BOXER BAJAJ,1,277000,0,277000,0,277000,Cash,1
1/23/2021,HLX PLUS TVS MOTORCYCLE,1,263000,0,49000,214000,263000,Credit Sales,1
1/23/2021,HLX PLUS TVS MOTORCYCLE,1,263500,0,0,0,263500,Cash,1
1/23/2021,185/70/14 AUSTONE,2,13500,0,0,0,27000,Credit Sales,1
1/23/2021,185/70/14 CACHLAND,2,11700,0,0,0,23400,Cash,1
1/23/2021,185/70/14 AUSTONE,2,13000,0,143000,0,26000,Cash,1
1/23/2021,215/60/16 SUNFULL,2,15000,0,0,300000,30000,Transfer,1
1/25/2021,RE-4S BAJAJ TRICYCLE,1,745000,0,745000,0,745000,Transfer,1
1/25/2021,BM-100 BOXER BAJAJ,1,276000,0,0,0,276000,Credit Sales,1
1/25/2021,HLX PLUS TVS MOTORCYCLE,1,263000,0,0,0,263000,Credit Sales,1
1/25/2021,205/60/16 SUNFULL,2,14500,0,0,0,29000,Cash,1
1/25/2021,195/65/15 AUSTONE,2,13300,0,0,0,26600,Cash,1
1/25/2021,185/70/14 AUSTONE,2,13000,0,0,0,26000,Cash,1
1/25/2021,215/60/16 CONSTANCY,2,16000,0,110000,69200,32000,Cash,1
1/26/2021,BM-100 BOXER BAJAJ,1,270000,0,0,0,270000,Credit Sales,1
1/26/2021,110-19 JINCHENG LADIES,1,273000,0,0,0,273000,Credit Sales,1
1/26/2021,HLX PLUS TVS MOTORCYCLE,1,265000,0,265000,0,265000,Cash,1
1/26/2021,215/60/16 CONSTANCY,0,16000,0,0,0,0,Cash,1
1/26/2021,195/65/15 AUSTONE,2,13300,0,0,0,26600,Cash,1
1/26/2021,195/70/14 AUSTONE,2,13300,0,0,0,26600,Cash,1
1/26/2021,185/70/14 AUSTONE,2,13000,0,0,0,26000,Cash,1
1/26/2021,215/60/16 SUNFULL,3,15000,0,30000,283400,45000,Cash,1
1/26/2021,215/60/16 AUSTONE,2,16000,0,0,0,32000,Cash,1
1/27/2021,BM-100 BOXER BAJAJ,1,276000,0,0,0,276000,Transfer,1
1/27/2021,BM-100 BOXER BAJAJ,1,272000,0,0,0,272000,Transfer,1
1/27/2021,215/60/16 AUSTONE,2,17000,0,0,0,34000,Cash,1
1/27/2021,185/70/14 AUSTONE,2,13000,0,90000,33000,26000,Cash,1
1/28/2021,XL-100 TVS M/C,1,205000,0,0,0,205000,Credit Sales,1
1/28/2021,HLX PLUS TVS MOTORCYCLE,1,263000,0,0,0,263000,Credit Sales,1
1/28/2021,BM-100 BOXER BAJAJ,1,272000,0,0,0,272000,Credit Sales,1
1/28/2021,185/70/14 BOTO,2,13000,0,230000,30000,26000,Transfer,1
1/28/2021,195/15C AUSTONE,2,18000,0,36000,0,0,Cash,1
1/28/2021,205/65/15 AUSTONE,2,17000,0,34000,0,0,Cash,1
1/28/2021,195/65/15 AUSTONE,2,13300,0,0,0,26600,Cash,1
1/28/2021,205/65/15 BOTO,2,17000,0,0,261200,34000,Cash,1
1/28/2021,185/70/14 BOTO,2,13000,0,0,0,26000,Cash,1
1/28/2021,225/55/17 BOTO,2,18000,0,70000,132000,36000,Cash,1
1/28/2021,215/55/17 BOTO,2,17000,0,0,0,34000,Cash,1
1/28/2021,225/55/17 BOTO,2,18000,0,0,0,36000,Cash,1
1/28/2021,185/70/14 BOTO,0,13000,0,150000,55000,0,Cash,1
1/29/2021,BM-100 BOXER BAJAJ,1,280000,0,280000,0,280000,Cash,1
1/29/2021,HLX PLUS TVS MOTORCYCLE,1,263000,0,263000,0,263000,Credit Sales,1
1/29/2021,BM-100 BOXER BAJAJ,1,274500,0,0,0,274500,Transfer,1
1/29/2021,185/70/14 BOTO,2,13000,0,0,208000,26000,Cash,1
1/29/2021,195/70/14 AUSTONE,2,13500,0,0,0,27000,Transfer,1
1/29/2021,205/60/16 BOTO,2,16000,0,0,0,32000,Transfer,1
1/29/2021,215/60/16 BOTO,2,17000,0,0,0,34000,Transfer,1
1/30/2021,BM-100 BOXER BAJAJ,1,275000,0,275000,0,275000,Cash,1
1/30/2021,BM-100 BOXER BAJAJ,1,275000,0,0,0,275000,Credit Sales,1
1/30/2021,225/70/16 ROADX,2,20000,0,0,0,40000,Transfer,1
1/30/2021,185/70/14 AUSTONE,2,13000,0,145000,0,26000,Transfer,1
1/30/2021,215/60/16 BOTO,3,16500,0,0,0,49500,Cash,1
1/30/2021,195/60/15 JOYROAD,1,12500,0,0,0,12500,Cash,1
1/2/2021,BM-100 BOXER BAJAJ,1,275000,0,275000,0,275000,Others,2
1/2/2021,BM-100 BOXER BAJAJ,1,275000,0,0,276000,275000,Cash,2
1/2/2021,BM-100 BOXER BAJAJ,1,274000,0,0,0,274000,Transfer,2
1/2/2021,HLX PLUS TVS MOTORCYCLE,1,263500,0,0,0,263500,Transfer,2
1/2/2021,195/14C AUSTONE,2,16000,0,64000,0,32000,Cash,2
1/2/2021,205/65/15 AUSTONE,2,17000,0,0,0,34000,Cash,2
1/2/2021,195/65/15 AUSTONE,2,13500,0,0,0,27000,Cash,2
1/2/2021,185/70/14 AUSTONE,2,13000,0,0,181000,26000,Cash,2
1/2/2021,185/70/14 AUSTONE,2,13000,0,0,0,26000,Transfer,2
1/2/2021,195/65/15 AUSTONE,2,13300,0,0,0,26600,Transfer,2
1/2/2021,215/60/16 BOTO,2,16500,0,111600,0,33000,Transfer,2
1/2/2021,195/65/15 AUSTONE,2,13300,0,0,0,26600,Credit Sales,2
1/2/2021,185/70/14 BOTO,2,13000,0,155000,30000,26000,Credit Sales,2
1/2/2021,185/70/14 AUSTONE,2,13000,0,0,0,26000,Transfer,2
2/2/2021,110-19 JINCHENG LADIES,1,275000,0,0,0,275000,Credit Sales,2
2/2/2021,BM-100 BOXER BAJAJ,1,268000,0,0,0,268000,Credit Sales,2
2/2/2021,185/70/14 BOTO,2,13000,0,130000,0,26000,Others,2
2/2/2021,185/70/14 AUSTONE,2,13300,0,0,199500,26600,Transfer,2
2/2/2021,185/70/14 BOTO,2,13000,0,35000,95000,26000,Cash,2
2/2/2021,185/70/14 BOTO,2,13000,0,30000,100000,26000,Cash,2
3/2/2021,BM-100 BOXER BAJAJ,1,275000,0,275000,0,275000,Cash,2
3/2/2021,BM-100 BOXER BAJAJ,1,268000,0,0,0,268000,Others,2
3/2/2021,225/60/17 BOTO,2,16500,0,132000,0,33000,Transfer,2
3/2/2021,225/60/17 BOTO,0,16500,0,0,0,0,Others,2
4/2/2021,BM-100 BOXER BAJAJ,1,275000,0,0,275000,275000,Credit Sales,2
4/2/2021,BM-100 BOXER BAJAJ,1,274000,0,0,0,274000,Cash,2
4/2/2021,HLX PLUS TVS MOTORCYCLE,1,263500,0,0,0,263500,Cash,2
4/2/2021,195/65/15 ROADX,2,13000,0,0,0,26000,Cash,2
4/2/2021,195/70/14 AUSTONE,2,13300,0,0,0,26600,Cash,2
5/2/2021,BM-100 BOXER BAJAJ,1,275000,0,0,275000,275000,Transfer,2
5/2/2021,BM-100 BOXER BAJAJ,1,274000,0,0,0,274000,Cash,2
5/2/2021,BM-100 BOXER BAJAJ,1,269000,0,0,1360000,269000,Cash,2
5/2/2021,110-19V JINCHENG LADIES,1,285000,0,0,0,285000,Others,2
5/2/2021,185/70/14 AUSTONE,2,13000,0,0,0,26000,Credit Sales,2
5/2/2021,195/65/15 ROADX,2,13000,0,0,0,26000,Credit Sales,2
5/2/2021,155/12C JOYROAD,2,9800,0,100000,17200,19600,Credit Sales,2
5/2/2021,225/55/17 JOYROAD,1,17000,0,0,0,17000,Credit Sales,2
5/2/2021,185/70/14 AUSTONE,2,13000,0,0,0,26000,Credit Sales,2
5/2/2021,195/15C AUSTONE,2,18500,0,126000,0,37000,Credit Sales,2
5/2/2021,185/70/14 BOTO,2,13000,0,0,0,26000,Cash,2
5/2/2021,205/65/15 BOTO,2,17500,0,0,0,35000,Cash,2
5/2/2021,185/70/14 AUSTONE,2,13000,0,40000,77000,26000,Cash,2
5/2/2021,185/70/14 AUSTONE,2,13000,0,20400,57600,26000,Cash,2
6/2/2021,BM-100 BOXER BAJAJ,1,270000,0,0,0,270000,Transfer,2
6/2/2021,BM-100 BOXER BAJAJ,1,275000,0,275000,0,275000,Cash,2
6/2/2021,BM-100 BOXER BAJAJ,1,275000,0,275000,0,275000,Cash,2
6/2/2021,185/70/14 HABILEAD,2,12500,0,0,0,25000,Credit Sales,2
6/2/2021,195/65/15 HABILEAD,2,13300,0,0,0,26600,Credit Sales,2
6/2/2021,205/60/16 HABILEAD,2,15500,0,0,0,31000,Credit Sales,2
6/2/2021,215/55/17 HABILEAD,2,17000,0,0,0,34000,Credit Sales,2
6/2/2021,215/60/16 HABILEAD,2,16500,0,0,0,33000,Credit Sales,2
6/2/2021,245/45/19 HABILEAD,2,27000,0,0,0,54000,Credit Sales,2
6/2/2021,225/60/16 HABILEAD,2,17000,0,0,0,34000,Credit Sales,2
6/2/2021,235/60/18 HABILEAD,2,24000,0,0,0,48000,Credit Sales,2
6/2/2021,205/60/16 CACHLAND,2,15000,0,0,0,30000,Credit Sales,2
6/2/2021,215/60/16 CACHLAND,2,16000,0,0,0,32000,Credit Sales,2
8/2/2021,BM-100 BOXER BAJAJ,1,275000,0,275000,0,275000,Cash,2
8/2/2021,BM-100 BOXER BAJAJ,1,275000,0,275000,0,275000,Cash,2
8/2/2021,BM-100 BOXER BAJAJ,1,272000,0,272000,0,272000,Cash,2
8/2/2021,BM-100 BOXER BAJAJ,1,275000,0,275000,0,275000,Cash,2
8/2/2021,205/65/15 BOTO,2,17000,0,67000,50000,34000,Cash,2
8/2/2021,185/70/14 BOTO,2,13000,0,52000,0,26000,Transfer,2
8/2/2021,185/70/14 CACHLAND,2,12000,0,140000,220000,24000,Cash,2
8/2/2021,205/65/15 CACHLAND,2,17000,0,0,0,34000,Others,2
8/2/2021,195/65/15 AUSTONE,2,13300,0,0,0,26600,Others,2
8/2/2021,205/65/15 CACHLAND,2,17000,0,150000,190000,34000,Others,2
9/2/2021,BM-100 BOXER BAJAJ,1,275000,0,275000,0,275000,Cash,2
9/2/2021,HLX PLUS TVS MOTORCYCLE,1,264000,0,0,0,264000,Credit Sales,2
9/2/2021,BM-100 BOXER BAJAJ,1,268000,0,0,0,268000,Transfer,2
9/2/2021,BM-100 BOXER BAJAJ,1,270000,0,0,0,270000,Others,2
9/2/2021,HLX PLUS TVS MOTORCYCLE,1,264000,0,0,0,264000,Others,2
9/2/2021,205/65/15 CACHLAND,2,17000,0,0,0,34000,Credit Sales,2
9/2/2021,185/70/14 BOTO,2,13000,0,20000,325000,26000,Credit Sales,2
9/2/2021,195/14C AUSTONE,2,16000,0,0,0,32000,Credit Sales,2
9/2/2021,195/65/15 ROADX,2,13000,0,0,142000,26000,Credit Sales,2
9/2/2021,205/60/16 CACHLAND,2,15000,0,0,0,30000,Cash,2
9/2/2021,185/70/14 CACHLAND,2,12000,0,0,0,24000,Cash,2
10/2/2021,BM-100 BOXER BAJAJ,1,274000,0,0,0,274000,Transfer,2
10/2/2021,BM-100 BOXER BAJAJ,1,269000,0,0,817000,269000,Transfer,2
10/2/2021,BM-100 BOXER BAJAJ,1,275000,0,0,275000,275000,Cash,2
10/2/2021,185/70/14 BOTO,2,13000,0,0,0,26000,Cash,2
10/2/2021,185/70/14 CACHLAND,2,12000,0,0,0,24000,Cash,2
10/2/2021,185/70/14 HABILEAD,2,12500,0,150000,150000,25000,Cash,2
10/2/2021,185/70/14 CACHLAND,2,12000,0,0,120000,24000,Cash,2
10/2/2021,195/15C AUSTONE,2,18000,0,0,0,36000,Cash,2
10/2/2021,185/70/14 AUSTONE,2,13500,0,0,0,27000,Cash,2
11/2/2021,BM-100 BOXER BAJAJ,1,274000,0,0,0,274000,Credit Sales,2
11/2/2021,HLX PLUS TVS MOTORCYCLE,1,264000,0,0,0,264000,Credit Sales,2
11/2/2021,BM-100 BOXER BAJAJ,1,274000,0,0,0,274000,Credit Sales,2
11/2/2021,185/14C SUNFULL,2,15000,0,30000,0,30000,Cash,2
11/2/2021,215/60/16 CACHLAND,2,16000,0,0,0,32000,Cash,2
12/2/2021,BM-100 BOXER BAJAJ,1,274000,0,0,0,274000,Transfer,2
12/2/2021,BM-100 BOXER BAJAJ,1,268000,0,0,0,268000,Transfer,2
12/2/2021,185/70/14 AUSTONE,1,13500,0,13500,0,13500,Cash,2
12/2/2021,195/15C AUSTONE,2,18200,0,0,0,36400,Cash,2
12/2/2021,185/14C SUNFULL,2,14500,0,120000,0,29000,Cash,2
12/2/2021,185/70/14 AUSTONE,2,13500,0,0,0,27000,Transfer,2
2/13/2021,BM-100 BOXER BAJAJ,1,274000,0,0,0,274000,Credit Sales,2
2/13/2021,BM-100 BOXER BAJAJ,1,274500,0,274500,0,274500,Cash,2
2/13/2021,HLX PLUS TVS MOTORCYCLE,1,264000,0,0,0,264000,Credit Sales,2
2/13/2021,155/12C SUNFULL,2,10000,0,0,0,20000,Cash,2
2/13/2021,195/65/15 SUNFULL,2,12500,0,0,0,25000,Cash,2
2/15/2021,BM-100 BOXER BAJAJ,1,272000,0,272000,0,272000,Cash,2
2/15/2021,BM-100 BOXER BAJAJ,1,275000,0,275000,0,275000,Cash,2
2/15/2021,205/60/16 BOTO,2,16000,0,0,0,32000,Cash,2
2/15/2021,185/70/14 CACHLAND,2,12000,0,0,0,24000,Cash,2
2/15/2021,225/60/16 HABILEAD,2,17000,0,55000,213000,34000,Cash,2
2/15/2021,215/60/16 HIFLY,2,16000,0,0,0,32000,Cash,2
2/15/2021,185/70/14 CACHLAND,2,12000,0,0,0,24000,Cash,2
2/15/2021,195/15C AUSTONE,2,18000,0,125000,131000,36000,Cash,2
2/15/2021,195/15C AUSTONE,2,18000,0,0,0,36000,Cash,2
2/15/2021,185/70/14 CACHLAND,2,12000,0,0,0,24000,Cash,2
2/16/2021,BM-100 BOXER BAJAJ,1,268000,0,0,0,268000,Credit Sales,2
2/16/2021,HLX PLUS TVS MOTORCYCLE,1,265000,0,265000,0,265000,Cash,2
2/16/2021,195/65/15 HABILEAD,2,15000,0,0,0,30000,Credit Sales,2
2/16/2021,185/70/14 CACHLAND,2,12500,0,0,0,25000,Transfer,2
2/16/2021,195/15C AUSTONE,2,18000,0,50000,88900,36000,Transfer,2
2/16/2021,185/70/14 AUSTONE,2,13000,0,0,0,26000,Credit Sales,2
2/16/2021,185/70/14 CACHLAND,0,12500,0,0,0,0,Others,2
2/16/2021,195/15C AUSTONE,0,18000,0,50000,73500,0,Others,2
2/16/2021,185/70/14 CACHLAND,2,12500,0,0,0,25000,Cash,2
2/16/2021,195/15C AUSTONE,2,18000,0,50000,73500,36000,Cash,2
2/17/2021,BM-100 BOXER BAJAJ,1,267000,0,0,8010000,267000,Transfer,2
2/17/2021,BM-100 BOXER BAJAJ,1,269000,0,0,0,269000,Credit Sales,2
2/17/2021,BM-100 BOXER BAJAJ,1,273000,0,0,0,273000,Credit Sales,2
2/17/2021,195/65/15 BOTO,2,13500,0,0,0,27000,Transfer,2
2/17/2021,225/55/17 BOTO,2,18000,0,0,0,36000,Transfer,2
2/17/2021,185/70/14 BOTO,2,13000,0,0,445000,26000,Transfer,2
2/17/2021,205/65/15 AUSTONE,2,20000,0,0,40000,40000,Credit Sales,2
2/17/2021,245/45/18 BOTO,2,23500,0,0,0,47000,Credit Sales,2
2/17/2021,245/40/18 BOTO,2,22500,0,0,415000,45000,Credit Sales,2
2/17/2021,185/14C SUNFULL,2,14500,0,0,0,29000,Cash,2
2/17/2021,195/14C SUNFULL,2,15500,0,0,0,31000,Cash,2
2/18/2021,RE-4S BAJAJ TRICYCLE,1,745000,0,0,745000,745000,Transfer,2
2/18/2021,BM-100 BOXER BAJAJ,1,274000,0,0,0,274000,Transfer,2
2/18/2021,HLX PLUS TVS MOTORCYCLE,1,265000,0,265000,0,265000,Credit Sales,2
2/18/2021,215/60/16 HABILEAD,2,16000,0,0,0,32000,Cash,2
2/18/2021,155/12C SUNFULL,2,10000,0,15000,165000,20000,Cash,2
2/19/2021,BM-100 BOXER BAJAJ,1,270000,0,270000,0,270000,Cash,2
2/19/2021,BM-100 BOXER BAJAJ,1,274000,0,268000,6000,274000,Cash,2
2/19/2021,BM-100 BOXER BAJAJ,1,274000,0,268000,6000,274000,Others,2
2/19/2021,195/65/15 BOTO,2,13500,0,0,0,27000,Cash,2
2/19/2021,215/60/16 BOTO,2,16500,0,0,0,33000,Others,2
2/19/2021,205/60/16 CACHLAND,2,15500,0,205000,0,31000,Others,2
2/19/2021,265/65/17 BOTO,2,28000,0,0,0,56000,Credit Sales,2
2/20/2021,BM-100 BOXER BAJAJ,1,275000,0,275000,0,275000,Cash,2
2/20/2021,BM-100 BOXER BAJAJ,1,275000,0,275000,0,275000,Cash,2
2/20/2021,275/45/20 HABILEAD,2,31000,0,124000,0,62000,Credit Sales,2
2/20/2021,205/60/16 HABILEAD,2,15500,0,124000,0,31000,Cash,2
2/22/2021,BM-100 BOXER BAJAJ,1,269000,0,269000,0,269000,Cash,2
2/22/2021,BM-100 BOXER BAJAJ,1,273000,0,0,0,273000,Credit Sales,2
2/22/2021,BM-100 BOXER BAJAJ,1,268000,0,0,0,268000,Credit Sales,2
2/22/2021,HLX PLUS TVS MOTORCYCLE,1,264000,0,0,0,264000,Credit Sales,2
2/22/2021,BM-100 BOXER BAJAJ,1,273000,0,0,0,273000,Credit Sales,2
2/22/2021,185/14C SUNFULL,2,14500,0,58000,0,29000,Cash,2
2/22/2021,185/14C SUNFULL,2,12500,0,0,0,25000,Cash,2
2/23/2021,110-19V JINCHENG LADIES,1,283000,0,0,0,283000,Cash,2
2/23/2021,BM-100 BOXER BAJAJ,1,270000,0,270000,0,270000,Credit Sales,2
2/23/2021,HLX PLUS TVS MOTORCYCLE,1,265000,0,0,0,265000,Credit Sales,2
2/23/2021,195/15C AUSTONE,2,18200,0,0,0,36400,Cash,2
2/23/2021,185/70/14 BOTO,1,13300,0,140700,0,13300,Cash,2
2/24/2021,HLX PLUS TVS MOTORCYCLE,1,265000,0,0,0,265000,Credit Sales,2
2/24/2021,BM-100 BOXER BAJAJ,1,269000,0,0,0,269000,Credit Sales,2
2/24/2021,HLX PLUS TVS MOTORCYCLE,1,267000,0,0,0,267000,Credit Sales,2
2/24/2021,195/14C AUSTONE,2,16300,0,0,0,32600,Cash,2
2/24/2021,185/70/14 CACHLAND,2,12500,0,115200,0,25000,Cash,2
2/24/2021,195/14C AUSTONE,2,16300,0,0,326000,32600,Cash,2
2/24/2021,245/45/18 GALLANT,2,21500,0,0,0,43000,Cash,2
2/24/2021,185/70/14 CACHLAND,2,12100,0,0,0,24200,Cash,2
2/24/2021,195/65/15 CACHLAND,2,12700,0,0,0,25400,Cash,2
2/25/2021,HLX PLUS TVS MOTORCYCLE,1,266000,0,0,0,266000,Cash,2
2/25/2021,BM-100 BOXER BAJAJ,1,274000,0,274000,0,274000,Cash,2
2/25/2021,110-19 JINCHENG LADIES,1,278000,0,0,0,278000,Credit Sales,2
2/26/2021,110-19V JINCHENG LADIES,1,283000,0,0,0,283000,Credit Sales,2
2/26/2021,BM-100 BOXER BAJAJ,1,273000,0,0,0,273000,Credit Sales,2
2/26/2021,HLX PLUS TVS MOTORCYCLE,1,267000,0,0,267000,267000,Cash,2
2/26/2021,195/14C AUSTONE,2,16300,0,0,0,32600,Transfer,2
2/26/2021,195/60/15 HABILEAD,2,12500,0,68000,47200,25000,Transfer,2
2/26/2021,205/65/15 CACHLAND,2,17300,0,0,0,34600,Others,2
2/26/2021,205/60/16 CACHLAND,2,15500,0,0,0,31000,Others,2
2/26/2021,215/65/16 CACHLAND,2,16800,0,0,0,33600,Others,2
2/26/2021,195/70/14 CACHLAND,2,13000,0,0,0,26000,Others,2
2/27/2021,BM-100 BOXER BAJAJ,1,278000,0,75000,203000,278000,Cash,2
2/27/2021,BM-100 BOXER BAJAJ,1,269000,0,0,0,269000,Credit Sales,2
2/27/2021,HLX PLUS TVS MOTORCYCLE,1,265000,0,2650000,0,265000,Cash,2
1/3/2021,HLX PLUS TVS MOTORCYCLE,1,267000,0,0,0,267000,Credit Sales,3
1/3/2021,HLX PLUS TVS MOTORCYCLE,1,267000,0,0,0,267000,Credit Sales,3
1/3/2021,110-19 JINCHENG LADIES,1,278000,0,0,0,278000,Credit Sales,3
1/3/2021,195/15C SUNFULL,3,16800,0,0,0,50400,Transfer,3
1/3/2021,185/14C SUNFULL,3,14000,0,0,0,42000,Transfer,3
2/3/2021,RE-4S BAJAJ TRICYCLE,1,750000,0,1400000,100000,750000,Cash,3
2/3/2021,110-19V JINCHENG LADIES,1,285000,0,0,0,285000,Credit Sales,3
2/3/2021,BM-100 BOXER BAJAJ,1,274000,0,0,0,274000,Credit Sales,3
2/3/2021,BM-100 BOXER BAJAJ,1,275000,0,0,275000,275000,Transfer,3
2/3/2021,195/65/15 JOYROAD,1,13000,0,0,0,13000,Cash,3
2/3/2021,195/65/15 BOTO,2,13500,0,40000,0,27000,Cash,3
3/3/2021,HLX PLUS TVS MOTORCYCLE,1,270000,0,0,270000,270000,Credit Sales,3
3/3/2021,BM-100 BOXER BAJAJ,1,268000,0,0,0,268000,Transfer,3
3/3/2021,BM-100 BOXER BAJAJ,1,274000,0,125000,150000,274000,Transfer,3
3/3/2021,215/65/16 CACHLAND,2,17000,0,0,0,34000,Cheque,3
3/3/2021,215/60/16 HABILEAD,2,16500,0,0,0,33000,Cheque,3
4/3/2021,HLX PLUS TVS MOTORCYCLE,1,269000,0,0,0,269000,Transfer,3
4/3/2021,110-19V JINCHENG LADIES,1,285000,0,0,0,285000,Transfer,3
4/3/2021,BM-100 BOXER BAJAJ,1,269000,0,0,0,269000,Transfer,3
4/3/2021,185/70/14 BOTO,2,13000,0,0,0,26000,Cash,3
4/3/2021,195/65/15 BOTO,2,13500,0,0,0,27000,Cash,3
4/3/2021,195/70/14 BOTO,2,13500,0,0,0,27000,Cash,3
4/3/2021,205/65/15 BOTO,2,17800,0,0,0,35600,Cash,3
5/3/2021,110-19V JINCHENG LADIES,1,285000,0,0,0,285000,Cash,3
5/3/2021,HLX PLUS TVS MOTORCYCLE,1,269000,0,0,0,269000,Cash,3
5/3/2021,BM-100 BOXER BAJAJ,1,272000,0,272000,0,272000,Credit Sales,3
5/3/2021,205/65/15 BOTO,2,18000,0,0,0,36000,Cash,3
5/3/2021,185/14C BOTO,2,14800,0,0,0,29600,Cash,3
5/3/2021,185/70/14 BOTO,2,13300,0,11000,209400,26600,Cash,3
5/3/2021,195/15C SUNFULL,2,16800,0,0,0,33600,Cash,3
6/3/2021,HLX PLUS TVS MOTORCYCLE,1,270000,0,270000,0,270000,Cash,3
6/3/2021,BM-100 BOXER BAJAJ,1,285000,0,0,285000,285000,Transfer,3
6/3/2021,BM-100 BOXER BAJAJ,1,285000,0,0,285000,285000,Cash,3
6/3/2021,HLX PLUS TVS MOTORCYCLE,1,270000,0,270000,0,270000,Credit Sales,3
6/3/2021,BM-100 BOXER BAJAJ,1,275000,0,0,275000,275000,Credit Sales,3
6/3/2021,215/60/16 BOTO,2,17000,0,0,0,34000,Credit Sales,3
6/3/2021,205/60/16 BOTO,2,16000,0,0,0,32000,Cash,3
6/3/2021,205/65/15 BOTO,2,18000,0,0,0,36000,Cash,3
6/3/2021,185/70/14 BOTO,2,13500,0,0,0,27000,Cash,3
8/3/2021,BM-100 BOXER BAJAJ,1,273000,0,0,0,273000,Credit Sales,3
8/3/2021,110-19 JINCHENG LADIES,1,285000,0,0,285000,285000,Cash,3
8/3/2021,HLX PLUS TVS MOTORCYCLE,1,269000,0,0,0,269000,Transfer,3
8/3/2021,195/15C SUNFULL,2,16800,0,0,0,33600,Cash,3
8/3/2021,155/12C SUNFULL,2,10000,0,0,0,20000,Cash,3
9/3/2021,RE-4S BAJAJ TRICYCLE,1,750000,0,0,0,750000,Others,3
9/3/2021,HLX PLUS TVS MOTORCYCLE,1,269000,0,0,0,269000,Credit Sales,3
9/3/2021,BM-100 BOXER BAJAJ,1,275000,0,275000,0,275000,Others,3
9/3/2021,235/60/18 HABILEAD,2,24000,0,70000,26000,48000,Cash,3
9/3/2021,185/70/14 BOTO,2,13300,0,0,0,26600,Cash,3
9/3/2021,205/60/16 SUNFULL,2,14500,0,60000,104400,29000,Cash,3
9/3/2021,195/15C SUNFULL,3,16800,0,0,0,50400,Cash,3
9/3/2021,205/60/16 SUNFULL,2,14500,0,0,0,29000,Cash,3
9/3/2021,155/12C SUNFULL,2,10000,0,30000,69400,20000,Cash,3
9/3/2021,195/60/15 HABILEAD,1,13000,0,13000,0,13000,Cash,3
9/3/2021,205/60/16 BOTO,2,16000,0,0,0,32000,Credit Sales,3
9/3/2021,195/15C SUNFULL,2,16800,0,0,0,33600,Cash,3
9/3/2021,205/60/16 SUNFULL,3,14500,0,110700,0,43500,Cash,3
10/3/2021,BM-100 BOXER BAJAJ,1,273000,0,0,0,273000,Cash,3
10/3/2021,BM-100 BOXER BAJAJ,1,268000,0,0,0,268000,Cash,3
10/3/2021,HLX PLUS TVS MOTORCYCLE,1,269000,0,0,0,269000,Cash,3
10/3/2021,BM-100 BOXER BAJAJ,1,270000,0,270000,0,270000,Cash,3
10/3/2021,205/60/16 SUNFULL,2,14500,0,0,0,29000,Transfer,3
10/3/2021,195/14C AUSTONE,2,16300,0,0,0,32600,Transfer,3
10/3/2021,185/70/14 BOTO,3,13300,0,159500,0,39900,Transfer,3
10/3/2021,225/60/16 HABILEAD,2,17000,0,0,0,34000,Credit Sales,3
10/3/2021,205/65/15 CACHLAND,2,17500,0,0,0,35000,Credit Sales,3
10/3/2021,195/65/15 CACHLAND,2,12500,0,0,0,25000,Credit Sales,3
11/3/2021,BM-100 BOXER BAJAJ,1,274000,0,274000,0,274000,Cash,3
11/3/2021,BM-100 BOXER BAJAJ,1,274000,0,274000,0,274000,Cash,3
11/3/2021,BM-100 BOXER BAJAJ,1,274000,0,274000,0,274000,Cash,3
12/3/2021,BM-100 BOXER BAJAJ,1,268000,0,0,0,268000,Cash,3
12/3/2021,HLX PLUS TVS MOTORCYCLE,1,269000,0,0,0,269000,Cash,3
12/3/2021,HLX PLUS TVS MOTORCYCLE,1,271000,0,271000,0,271000,Cash,3
12/3/2021,HLX PLUS TVS MOTORCYCLE,1,270000,0,0,0,270000,Credit Sales,3
12/3/2021,185/70/14 BOTO,2,13300,0,0,0,26600,Transfer,3
12/3/2021,185/14C SUNFULL,2,14000,0,0,0,28000,Transfer,3
3/13/2021,CR-100 CARGO CRUISER,1,230000,0,0,0,230000,Credit Sales,3
3/13/2021,BM-100 BOXER BAJAJ,1,270000,0,270000,0,270000,Cash,3
3/15/2021,HLX PLUS TVS MOTORCYCLE,1,270000,0,0,0,270000,Credit Sales,3
3/15/2021,HLX PLUS TVS MOTORCYCLE,1,270000,0,0,0,270000,Credit Sales,3
3/15/2021,BM-100 BOXER BAJAJ,1,273000,0,0,0,273000,Credit Sales,3
3/15/2021,HLX PLUS TVS MOTORCYCLE,1,270000,0,0,0,270000,Credit Sales,3
3/15/2021,195/15C SUNFULL,2,16800,0,0,0,33600,Credit Sales,3
3/15/2021,185/14C SUNFULL,1,14500,0,102500,12800,14500,Credit Sales,3
3/16/2021,CAR110-80 CARGO WINNER,1,255000,0,0,0,255000,Cash,3
3/16/2021,110-19V JINCHENG LADIES,1,290000,0,290000,0,290000,Credit Sales,3
3/16/2021,D-125 TWINCO CG,1,280000,0,0,0,280000,Credit Sales,3
3/17/2021,HLX PLUS TVS MOTORCYCLE,1,270000,0,0,0,270000,Credit Sales,3
3/17/2021,110-19V JINCHENG LADIES,1,288000,0,288000,0,288000,Cash,3
3/18/2021,HLX PLUS TVS MOTORCYCLE,1,270000,0,0,0,270000,Credit Sales,3
3/18/2021,BM-100 BOXER BAJAJ,1,272000,0,272000,0,272000,Cash,3
3/19/2021,BM-100 BOXER BAJAJ,1,275000,0,275000,0,275000,Cash,3
3/19/2021,HLX PLUS TVS MOTORCYCLE,1,270000,0,0,0,270000,Credit Sales,3
3/19/2021,195/15C SUNFULL,2,16800,0,0,67200,33600,Transfer,3
3/19/2021,195/15C SUNFULL,2,16800,0,0,0,33600,Cash,3
3/19/2021,185/70/14 BOTO,2,13300,0,120000,53600,26600,Cash,3
3/19/2021,185/70/14 BOTO,2,13300,0,0,0,26600,Cash,3
3/20/2021,BM-100 BOXER BAJAJ,1,274000,0,274000,0,274000,Cash,3
3/20/2021,HLX PLUS TVS MOTORCYCLE,1,270000,0,0,0,270000,Credit Sales,3
3/20/2021,195/15C SUNFULL,2,16800,0,0,100800,33600,Credit Sales,3
3/20/2021,195/15C SUNFULL,2,16800,0,0,0,33600,Transfer,3
3/20/2021,155/12C SUNFULL,2,10000,0,107200,0,20000,Transfer,3
3/20/2021,185/70/14 BOTO,2,13200,0,150000,21600,26400,Transfer,3
3/20/2021,185/14C SUNFULL,2,14000,0,0,0,28000,Transfer,3
3/20/2021,195/14C SUNFULL,2,15500,0,0,0,31000,Transfer,3
3/22/2021,HLX PLUS TVS MOTORCYCLE,1,271000,0,271000,0,271000,Cash,3
3/22/2021,BM-100 BOXER BAJAJ,1,274000,0,274000,0,274000,Cash,3
3/22/2021,BM-100 BOXER BAJAJ,1,274000,0,274000,0,274000,Transfer,3
3/22/2021,195/15C SUNFULL,2,16800,0,0,0,33600,Transfer,3
3/22/2021,195/65/15 BOTO,2,13400,0,135000,16000,26800,Transfer,3
3/22/2021,215/60/16 BOTO,2,17000,0,0,0,34000,Cash,3
3/22/2021,205/60/16 BOTO,2,16000,0,0,165000,32000,Cash,3
3/22/2021,195/15C SUNFULL,2,16800,0,0,0,33600,Cash,3
3/22/2021,205/60/16 BOTO,2,16000,0,75000,72200,32000,Cash,3
3/22/2021,195/15C SUNFULL,2,16800,0,0,0,33600,Cash,3
3/22/2021,215/60/16 BOTO,2,17000,0,120000,32200,34000,Cash,3
3/22/2021,205/65/15 BOTO,2,17300,0,0,0,34600,Transfer,3
3/22/2021,195/65/15 BOTO,2,13500,0,0,0,27000,Transfer,3
3/23/2021,BM-100 BOXER BAJAJ,1,270000,0,270000,0,270000,Cash,3
3/23/2021,HLX PLUS TVS MOTORCYCLE,1,272000,0,0,272000,272000,Transfer,3
3/23/2021,BM-100 BOXER BAJAJ,1,275000,0,275000,0,275000,Cash,3
3/23/2021,195/60/15 BOTO,2,13200,0,0,0,26400,Transfer,3
3/23/2021,185/70/14 BOTO,3,13200,0,0,0,39600,Transfer,3
3/24/2021,BM-100 BOXER BAJAJ,1,274000,0,274000,0,274000,Cash,3
3/24/2021,HLX PLUS TVS MOTORCYCLE,1,270000,0,0,0,270000,Credit Sales,3
3/24/2021,215/60/16 BOTO,2,17000,0,0,170000,34000,Cash,3
3/24/2021,225/60/17 JOYROAD,2,16500,0,0,0,33000,Credit Sales,3
3/24/2021,155/12C SUNFULL,2,10000,0,0,0,20000,Credit Sales,3
3/24/2021,195/14C SUNFULL,2,15500,0,0,137000,31000,Credit Sales,3
3/25/2021,HLX PLUS TVS MOTORCYCLE,1,272000,0,272000,0,272000,Cash,3
3/25/2021,HLX PLUS TVS MOTORCYCLE,1,270000,0,0,0,270000,Credit Sales,3
3/25/2021,195/15C SUNFULL,2,16800,0,0,0,33600,Credit Sales,3
3/25/2021,205/65/15 CACHLAND,2,17000,0,0,0,34000,Credit Sales,3
3/25/2021,205/65/15 BOTO,1,17800,0,53000,6000,17800,Credit Sales,3
3/25/2021,205/65/15 BOTO,2,17300,0,0,0,34600,Transfer,3
3/26/2021,110-19V JINCHENG LADIES,1,288000,0,0,0,288000,Credit Sales,3
3/26/2021,BM-100 BOXER BAJAJ,1,275000,0,275000,0,275000,Cash,3
3/26/2021,BM-100 BOXER BAJAJ,1,268000,0,0,1340000,268000,Credit Sales,3
3/26/2021,255/55/19 BOTO,2,37000,0,0,148000,74000,Transfer,3
3/26/2021,205/65/15 BOTO,2,18000,0,72000,0,36000,Credit Sales,3
3/26/2021,195/65/15 CACHLAND,2,13000,0,0,0,26000,Others,3
3/26/2021,205/65/15 BOTO,2,17300,0,0,0,34600,Others,3
3/26/2021,195/15C SUNFULL,3,16800,0,0,0,50400,Others,3
3/26/2021,185/70/14 CACHLAND,2,12400,0,0,0,24800,Others,3
3/27/2021,BM-100 BOXER BAJAJ,1,274000,0,274000,0,274000,Cash,3
3/27/2021,BM-100 BOXER BAJAJ,1,274000,0,274000,274000,0,Cash,3
3/27/2021,205/65/15 CACHLAND,2,17000,0,102000,0,34000,Cash,3
3/27/2021,205/65/15 CACHLAND,2,17000,0,90000,46000,34000,Cash,3
3/29/2021,BM-100 BOXER BAJAJ,1,273000,0,0,0,273000,Credit Sales,3
3/29/2021,BM-100 BOXER BAJAJ,1,273000,0,0,0,273000,Transfer,3
3/29/2021,HLX PLUS TVS MOTORCYCLE,1,270000,0,0,0,270000,Cash,3
3/29/2021,BM-100 BOXER BAJAJ,1,274000,0,274000,0,274000,Credit Sales,3
3/29/2021,205/65/15 CACHLAND,2,17000,0,0,0,34000,Cash,3
3/29/2021,195/15C SUNFULL,2,16800,0,0,304400,33600,Cash,3
3/29/2021,205/65/15 CACHLAND,0,17000,0,0,0,0,Transfer,3
3/29/2021,195/65/15 BOTO,0,13400,0,0,0,0,Transfer,3
3/29/2021,185/70/14 BOTO,0,13200,0,150000,39000,0,Transfer,3
3/29/2021,205/65/15 CACHLAND,1,17000,0,0,0,17000,Cash,3
3/29/2021,195/65/15 BOTO,2,13400,0,0,0,26800,Cash,3
3/29/2021,185/70/14 BOTO,2,13200,0,0,189000,26400,Cash,3
3/29/2021,205/65/15 BOTO,2,17300,0,0,0,34600,Credit Sales,3
3/29/2021,195/65/15 BOTO,2,13400,0,0,0,26800,Credit Sales,3
3/30/2021,BM-100 BOXER BAJAJ,1,275000,0,0,275000,275000,Transfer,3
3/30/2021,BM-100 BOXER BAJAJ,1,268000,0,0,0,268000,Credit Sales,3
3/30/2021,BM-100 BOXER BAJAJ,1,273000,0,0,4070000,273000,Others,3
3/30/2021,195/14C BOTO,2,16500,0,0,0,33000,Cash,3
3/30/2021,195/65/15 BOTO,0,13000,0,0,0,0,Cash,3
3/30/2021,185/70/14 BOTO,2,13200,0,50000,120800,26400,Cash,3
3/30/2021,195/65/15 CACHLAND,2,13000,0,0,0,26000,Transfer,3
3/31/2021,CAR110-80 CARGO WINNER,1,260000,0,0,0,260000,Credit Sales,3
3/31/2021,HLX PLUS TVS MOTORCYCLE,1,270000,0,0,0,270000,Credit Sales,3
3/31/2021,215/60/16 BOTO,2,17000,0,0,0,34000,Transfer,3
3/31/2021,205/60/16 BOTO,2,16000,0,0,0,32000,Transfer,3
3/31/2021,205/65/15 CACHLAND,2,17000,0,0,0,34000,Cash,3
3/31/2021,205/60/16 CACHLAND,2,15500,0,40000,149000,31000,Others,3
1/4/2021,110-19 JINCHENG LADIES,1,288000,0,0,0,288000,Credit Sales,4
1/4/2021,185/70/14 CACHLAND,2,12400,0,0,124000,24800,Transfer,4
1/4/2021,195/15C SUNFULL,2,17500,0,0,0,35000,Cash,4
1/4/2021,205/60/16 CACHLAND,2,15500,0,0,0,31000,Cash,4
1/4/2021,185/70/14 CACHLAND,2,12400,0,80000,73000,24800,Cash,4
1/4/2021,195/65/15 BOTO,2,13500,0,0,0,27000,Others,4
1/4/2021,195/15C SUNFULL,2,17500,0,0,0,35000,Others,4
1/4/2021,205/60/16 CACHLAND,2,15500,0,0,0,31000,Cash,4
1/4/2021,185/70/14 CACHLAND,2,12400,0,0,0,24800,Cash,4
1/4/2021,195/15C SUNFULL,2,17500,0,0,0,35000,Cash,4
1/4/2021,185/70/14 BOTO,3,13200,0,108000,59600,39600,Cash,4
2/4/2021,205/60/16 CACHLAND,2,15500,0,0,0,31000,Cheque,4
2/4/2021,205/65/15 CACHLAND,2,17000,0,0,325000,34000,Cheque,4
2/4/2021,185/70/14 CACHLAND,2,12500,0,0,25000,25000,Transfer,4
2/4/2021,275/45/21 ATURO,0,80000,0,0,0,0,Credit Sales,4
3/4/2021,BM-100 BOXER BAJAJ,1,268000,0,0,0,268000,Others,4
3/4/2021,BM-100 BOXER BAJAJ,1,273000,0,0,0,273000,Others,4
5/4/2021,TVS KING TVS TRICYCLE,1,820000,0,20000,800000,820000,Transfer,4
5/4/2021,TVS KING TVS TRICYCLE,1,820000,0,220000,600000,820000,Cash,4
5/4/2021,RE-4S BAJAJ TRICYCLE,1,780000,0,780000,0,780000,Transfer,4
5/4/2021,TVS KING TVS TRICYCLE,1,820000,0,481000,340000,820000,Cash,4
5/4/2021,TVS KING TVS TRICYCLE,1,820000,0,10000,810000,820000,Transfer,4
5/4/2021,TVS KING TVS TRICYCLE,1,820000,0,0,820000,820000,Credit Sales,4
5/4/2021,TVS KING TVS TRICYCLE,1,820000,0,820000,0,820000,Cash,4
5/4/2021,RE-4S BAJAJ TRICYCLE,1,783000,0,783000,0,783000,Cash,4
5/4/2021,RE-4S BAJAJ TRICYCLE,1,783000,0,783000,0,783000,Cash,4
5/4/2021,RE-250 BAJAJ TRICYCLE,1,790000,0,790000,0,790000,Transfer,4
5/4/2021,BM-100 BOXER BAJAJ,1,274000,0,274000,0,274000,Cash,4
5/4/2021,195/15C SUNFULL,2,17500,0,0,0,35000,Transfer,4
5/4/2021,185/70/14 CACHLAND,2,12400,0,66000,70100,24800,Transfer,4
5/4/2021,195/15C SUNFULL,1,17500,0,0,17500,17500,Cash,4
5/4/2021,195/15C SUNFULL,2,17500,0,0,0,35000,Cash,4
6/4/2021,TVS KING TVS TRICYCLE,1,820000,0,0,820000,820000,Transfer,4
6/4/2021,TVS KING TVS TRICYCLE,1,820000,0,0,820000,820000,Transfer,4
6/4/2021,TVS KING TVS TRICYCLE,1,820000,0,0,820000,820000,Transfer,4
6/4/2021,TVS KING TVS TRICYCLE,1,820000,0,0,820000,820000,Transfer,4
6/4/2021,TVS KING TVS TRICYCLE,1,820000,0,0,0,820000,Transfer,4
6/4/2021,RE-4S BAJAJ TRICYCLE,1,780000,0,0,780000,780000,Transfer,4
6/4/2021,RE-4S BAJAJ TRICYCLE,1,780000,0,0,780000,780000,Transfer,4
6/4/2021,RE-4S BAJAJ TRICYCLE,1,780000,0,0,780000,780000,Cash,4
6/4/2021,TVS KING TVS TRICYCLE,1,820000,0,820000,0,820000,Credit Sales,4
6/4/2021,RE-250 BAJAJ TRICYCLE,1,790000,0,0,0,790000,Transfer,4
6/4/2021,BM-100 BOXER BAJAJ,1,273000,0,0,0,273000,Credit Sales,4
6/4/2021,HLX PLUS TVS MOTORCYCLE,1,270000,0,0,0,270000,Credit Sales,4
6/4/2021,BM-100 BOXER BAJAJ,1,270000,0,0,270000,270000,Others,4
7/4/2021,RE-4S BAJAJ TRICYCLE,1,780000,0,0,0,780000,Transfer,4
7/4/2021,BM-100 BOXER BAJAJ,1,273000,0,273000,0,273000,Cash,4
7/4/2021,155/12C SUNFULL,3,10000,0,0,0,30000,Cash,4
7/4/2021,195/15C SUNFULL,2,17500,0,0,0,35000,Cash,4
8/4/2021,BM-100 BOXER BAJAJ,1,273000,0,0,0,273000,Cash,4
8/4/2021,HLX PLUS TVS MOTORCYCLE,1,269000,0,0,0,269000,Cash,4
8/4/2021,BM-100 BOXER BAJAJ,1,273000,0,0,0,273000,Cheque,4
8/4/2021,185/70/14 CACHLAND,2,12400,0,9000,115000,24800,Credit Sales,4
8/4/2021,185/70/14 CACHLAND,2,12400,0,0,0,24800,Cash,4
9/4/2021,TVS KING TVS TRICYCLE,1,823000,0,0,823000,823000,Credit Sales,4
9/4/2021,BM-100 BOXER BAJAJ,1,275000,0,0,275000,275000,Cash,4
9/4/2021,BM-100 BOXER BAJAJ,1,275000,0,274000,0,275000,Transfer,4
10/4/2021,HLX PLUS TVS MOTORCYCLE,1,270000,0,270000,0,270000,Cash,4
10/4/2021,BM-100 BOXER BAJAJ,1,273500,0,0,1367500,273500,Cash,4
10/4/2021,BM-100 BOXER BAJAJ,1,275000,0,275000,0,275000,Credit Sales,4
10/4/2021,110-19V JINCHENG LADIES,1,297000,0,0,0,297000,Credit Sales,4
12/4/2021,BM-100 BOXER BAJAJ,1,270000,0,0,270000,270000,Cash,4
12/4/2021,BM-100 BOXER BAJAJ,1,270000,0,270000,0,270000,Transfer,4
12/4/2021,HLX PLUS TVS MOTORCYCLE,1,270000,0,0,270000,270000,Cash,4
12/4/2021,195/15C SUNFULL,3,17500,0,0,0,52500,Cash,4
12/4/2021,185/70/14 BOTO,2,13200,0,65000,79900,26400,Cash,4
12/4/2021,185/70/14 BOTO,2,13200,0,0,0,26400,Transfer,4
12/4/2021,195/14C BOTO,2,16500,0,0,0,33000,Transfer,4
4/13/2021,HLX PLUS TVS MOTORCYCLE,1,270000,0,270000,0,270000,Cash,4
4/13/2021,HLX PLUS TVS MOTORCYCLE,1,270000,0,270000,0,270000,Credit Sales,4
4/13/2021,BM-100 BOXER BAJAJ,1,273000,0,0,0,273000,Transfer,4
4/13/2021,BM-100 BOXER BAJAJ,1,269000,0,0,0,269000,Transfer,4
4/13/2021,195/15C SUNFULL,2,17500,0,0,0,35000,Cash,4
4/13/2021,185/70/14 BOTO,2,13200,0,0,0,26400,Cash,4
4/14/2021,HLX PLUS TVS MOTORCYCLE,1,270000,0,270000,0,270000,Credit Sales,4
4/14/2021,BM-100 BOXER BAJAJ,1,273000,0,0,0,273000,Cash,4
4/14/2021,265/65/17 AUSTONE,2,32000,0,0,0,64000,Cash,4
4/14/2021,185/70/14 AUSTONE,2,13500,0,0,0,27000,Others,4
4/14/2021,205/65/15 AUSTONE,2,18000,0,0,0,36000,Others,4
4/14/2021,205/55/16 ROADX,2,14500,0,0,0,29000,Others,4
4/14/2021,215/60/16 ROADX,2,16500,0,0,0,33000,Others,4
4/14/2021,225/55/17 AUSTONE,2,18500,0,0,0,37000,Others,4
4/14/2021,225/50/17 AUSTONE,2,17500,0,0,0,35000,Others,4
4/14/2021,215/60/16 AUSTONE,2,17000,0,0,0,34000,Others,4
4/14/2021,195/14C SUNFULL,2,15500,0,0,0,31000,Others,4
4/14/2021,195/65/15 HIFLY,2,12800,0,0,2236000,25600,Others,4
4/15/2021,HLX PLUS TVS MOTORCYCLE,1,272000,0,272000,0,272000,Cash,4
4/15/2021,BM-100 BOXER BAJAJ,1,275000,0,275000,0,275000,Cash,4
4/15/2021,205/65/15 AUSTONE,2,18000,0,0,0,36000,Others,4
4/15/2021,215/65/16 ROADX,2,17000,0,0,0,34000,Others,4
4/15/2021,225/50/17 AUSTONE,2,17500,0,0,0,35000,Others,4
4/15/2021,215/60/16 AUSTONE,2,17000,0,0,0,34000,Others,4
4/15/2021,185/70/14 AUSTONE,2,13500,0,0,0,27000,Others,4
4/15/2021,225/55/17 AUSTONE,2,18500,0,0,0,37000,Others,4
4/16/2021,TVS KING TVS TRICYCLE,1,825000,0,825000,0,825000,Cash,4
4/16/2021,110-19V JINCHENG LADIES,1,297000,0,297000,0,0,Credit Sales,4
4/16/2021,BM-100 BOXER BAJAJ,1,277000,0,0,277000,277000,Credit Sales,4
4/16/2021,195/65/15 HIFLY,2,12800,0,60000,93600,25600,Transfer,4
4/16/2021,205/60/16 ROADX,1,15500,0,0,15500,15500,Transfer,4
4/16/2021,195/60/15 BOTO,2,13300,0,0,0,26600,Transfer,4
4/16/2021,195/65/15 BOTO,2,13300,0,0,0,26600,Transfer,4
4/16/2021,195/15C SUNFULL,2,17500,0,0,0,35000,Transfer,4
4/16/2021,185/70/14 AUSTONE,2,13500,0,0,0,27000,Transfer,4
4/16/2021,225/55/17 AUSTONE,2,18500,0,0,0,37000,Transfer,4
4/16/2021,235/70/16 AUSTONE,2,23500,0,0,0,47000,Transfer,4
4/16/2021,215/60/16 AUSTONE,2,17000,0,0,0,34000,Transfer,4
4/16/2021,195/14C SUNFULL,2,15500,0,0,0,31000,Transfer,4
4/17/2021,HLX PLUS TVS MOTORCYCLE,1,270000,0,270000,0,270000,Credit Sales,4
4/17/2021,BM-100 BOXER BAJAJ,1,274000,0,0,0,274000,Cash,4
4/17/2021,BM-100 BOXER BAJAJ,1,269000,0,0,0,269000,Cash,4
4/17/2021,HLX PLUS TVS MOTORCYCLE,1,268000,0,0,0,268000,Cash,4
4/17/2021,195/15C SUNFULL,2,17500,0,0,0,35000,Credit Sales,4
4/17/2021,205/60/16 ROADX,2,15500,0,0,0,31000,Credit Sales,4
4/19/2021,110-19V JINCHENG LADIES,1,295000,0,0,0,295000,Credit Sales,4
4/19/2021,110-19V JINCHENG LADIES,1,295000,0,0,0,295000,Credit Sales,4
4/19/2021,195/14C SUNFULL,2,15500,0,155000,0,31000,Cash,4
4/19/2021,225/55/17 AUSTONE,2,18500,0,0,0,37000,Cash,4
4/19/2021,225/50/17 AUSTONE,2,17500,0,0,0,35000,Cash,4
4/19/2021,265/70/16 AUSTONE,2,31000,0,0,0,62000,Cash,4
4/19/2021,235/70/16 AUSTONE,2,23500,0,0,0,47000,Cash,4
4/19/2021,215/60/16 AUSTONE,2,17000,0,0,0,34000,Cash,4
4/20/2021,HLX PLUS TVS MOTORCYCLE,1,269000,0,0,0,269000,Credit Sales,4
4/20/2021,HLX PLUS TVS MOTORCYCLE,1,269000,0,0,0,269000,Credit Sales,4
4/20/2021,BM-100 BOXER BAJAJ,1,273500,0,0,820500,273500,Credit Sales,4
4/21/2021,BM-100 BOXER BAJAJ,1,270000,0,0,0,270000,Credit Sales,4
4/21/2021,BM-100 BOXER BAJAJ,1,273000,0,0,0,273000,Credit Sales,4
4/22/2021,BM-100 BOXER BAJAJ,1,274000,0,0,0,274000,Credit Sales,4
4/23/2021,BM-100 BOXER BAJAJ,1,275000,0,275000,0,275000,Cash,4
4/23/2021,110-19V JINCHENG LADIES,1,297000,0,0,297000,297000,Cash,4
4/23/2021,195/14C BOTO,2,16500,0,0,0,33000,Cash,4
4/23/2021,185/70/14 ROADX,2,12300,0,0,0,24600,Cash,4
4/24/2021,BM-100 BOXER BAJAJ,1,272000,0,0,0,272000,Transfer,4
4/24/2021,195/65/15 BOTO,2,13300,0,0,0,26600,Credit Sales,4
4/24/2021,205/60/16 BOTO,2,15500,0,0,0,31000,Credit Sales,4
4/26/2021,BM-100 BOXER BAJAJ,1,277000,0,277000,0,277000,Cash,4
4/26/2021,BM-100 BOXER BAJAJ,1,278000,0,278000,0,278000,Cash,4
4/26/2021,BM-100 BOXER BAJAJ,1,276500,0,276500,0,276500,Cash,4
4/26/2021,BM-100 BOXER BAJAJ,1,277000,0,0,0,277000,Credit Sales,4
4/26/2021,235/70/16 AUSTONE,2,23000,0,46000,0,46000,Cash,4
4/26/2021,185/70/14 BOTO,2,13000,0,0,0,26000,Cash,4
4/26/2021,195/14C SUNFULL,2,15500,0,0,0,31000,Cash,4
4/26/2021,155/12C SUNFULL,2,10000,0,93800,35200,20000,Cash,4
4/26/2021,195/65/15 CACHLAND,2,13000,0,0,260000,26000,Transfer,4
4/26/2021,185/70/14 AUSTONE,2,13000,0,0,0,26000,Credit Sales,4
4/26/2021,215/55/17 AUSTONE,2,17000,0,0,0,34000,Credit Sales,4
4/26/2021,215/60/16 AUSTONE,2,16500,0,0,0,33000,Credit Sales,4
4/27/2021,110-19V JINCHENG LADIES,1,297000,0,0,0,297000,Cash,4
4/27/2021,110-19 JINCHENG LADIES,1,290000,0,0,0,290000,Credit Sales,4
4/27/2021,215/60/16 GALLANT,3,16500,0,0,0,49500,Cash,4
4/27/2021,185/70/14 BOTO,2,13000,0,0,0,26000,Cash,4
4/27/2021,195/65/15 CACHLAND,2,13000,0,0,0,26000,Cash,4
4/27/2021,215/60/16 CACHLAND,2,16500,0,0,0,33000,Cash,4
4/28/2021,BM-100 BOXER BAJAJ,1,280000,0,0,0,280000,Credit Sales,4
4/28/2021,HLX PLUS TVS MOTORCYCLE,1,282000,0,282000,282000,282000,Transfer,4
4/28/2021,245/45/18 BOTO,2,23000,0,0,0,46000,Transfer,4
4/28/2021,195/65/15 BOTO,2,13300,0,0,0,26600,Transfer,4
4/28/2021,195/65/15 CACHLAND,2,13000,0,0,0,26000,Transfer,4
4/28/2021,205/60/16 BOTO,2,15500,0,0,432000,31000,Transfer,4
4/28/2021,215/60/16 CACHLAND,2,16500,0,0,0,33000,Transfer,4
4/28/2021,185/70/14 BOTO,2,13000,0,0,0,26000,Transfer,4
4/28/2021,155/12C SUNFULL,2,10000,0,129000,34600,20000,Transfer,4
4/28/2021,195/15C AUSTONE,2,19000,0,0,0,38000,Transfer,4
4/28/2021,195/60/15 ROADX,2,12500,0,0,0,25000,Transfer,4
4/28/2021,205/60/16 AUSTONE,2,16000,0,0,0,32000,Transfer,4
4/29/2021,BM-100 BOXER BAJAJ,1,275000,0,275000,0,275000,Cash,4
4/29/2021,BM-100 BOXER BAJAJ,1,280000,0,0,0,280000,Credit Sales,4
4/29/2021,205/65/15 BOTO,2,17000,0,204000,204000,34000,Cash,4
4/29/2021,195/65/15 CACHLAND,2,13000,0,3000,49000,26000,Transfer,4
4/29/2021,205/65/15 CACHLAND,2,16500,0,98000,34000,33000,Transfer,4
4/29/2021,185/70/14 ROADX,2,12200,0,0,97600,24400,Transfer,4
4/30/2021,HLX PLUS TVS MOTORCYCLE,1,270000,0,270000,0,270000,Others,4
4/30/2021,HLX PLUS TVS MOTORCYCLE,1,270000,0,0,0,270000,Credit Sales,4
4/30/2021,215/60/16 BOTO,2,17000,0,0,0,34000,Transfer,4
4/30/2021,205/65/15 BOTO,2,17000,0,0,0,34000,Others,4
1/5/2021,110-19V JINCHENG LADIES,1,300000,0,100000,201000,300000,Credit Sales,5
1/5/2021,BM-100 BOXER BAJAJ,1,278000,0,0,0,278000,Credit Sales,5
1/5/2021,205/60/16 BOTO,2,15500,0,0,0,31000,Cash,5
1/5/2021,245/45/18 BOTO,2,23000,0,0,0,46000,Cash,5
1/5/2021,215/60/16 GALLANT,2,16500,0,0,0,33000,Cash,5
1/5/2021,195/60/15 ROADX,2,12500,0,0,0,25000,Cash,5
1/5/2021,205/65/15 AUSTONE,2,17500,0,0,0,35000,Cash,5
1/5/2021,205/60/16 AUSTONE,2,16000,0,0,0,32000,Cash,5
1/5/2021,195/15C AUSTONE,2,19000,0,0,1817000,38000,Cash,5
1/5/2021,215/60/16 BOTO,3,17000,0,0,0,51000,Cash,5
1/5/2021,205/65/15 BOTO,2,17000,0,0,0,34000,Cash,5
1/5/2021,185/70/14 BOTO,2,13000,0,0,0,26000,Cash,5
3/5/2021,TVS KING TVS TRICYCLE,1,825000,0,825000,0,825000,Cash,5
3/5/2021,HLX PLUS TVS MOTORCYCLE,1,269000,0,269000,0,269000,Cash,5
3/5/2021,BM-100 BOXER BAJAJ,1,280000,0,80000,200000,280000,Credit Sales,5
3/5/2021,195/65/15 CACHLAND,2,13000,0,0,0,26000,Cash,5
3/5/2021,205/65/15 CACHLAND,2,16500,0,0,0,33000,Cash,5
3/5/2021,195/70/14 CACHLAND,2,13000,0,0,0,26000,Cash,5
3/5/2021,185/70/14 AUSTONE,1,13300,0,108800,54500,13300,Cash,5
3/5/2021,205/60/16 CACHLAND,2,15400,0,0,123200,30800,Cash,5
3/5/2021,195/14C SUNFULL,2,15500,0,0,0,31000,Cash,5
4/5/2021,HLX PLUS TVS MOTORCYCLE,1,269000,0,0,0,269000,Credit Sales,5
4/5/2021,HLX PLUS TVS MOTORCYCLE,1,270000,0,0,0,270000,Credit Sales,5
4/5/2021,185/70/14 BOTO,2,13000,0,26000,0,26000,Cash,5
4/5/2021,205/65/15 BOTO,2,17000,0,0,0,34000,Cash,5
4/5/2021,195/70/14 CACHLAND,2,13000,0,0,0,26000,Cash,5
4/5/2021,215/60/16 BOTO,2,17000,0,0,0,34000,Cash,5
4/5/2021,195/65/15 BOTO,2,13300,0,160000,81200,26600,Cash,5
4/5/2021,185/70/14 AUSTONE,2,13300,0,0,0,26600,Cash,5
4/5/2021,195/70/14 CACHLAND,2,13000,0,105200,0,26000,Cash,5
4/5/2021,195/65/15 CACHLAND,2,13000,0,52000,0,26000,Cash,5
5/5/2021,BM-100 BOXER BAJAJ,1,276000,0,0,0,276000,Credit Sales,5
5/5/2021,195/65/15 BOTO,2,13300,0,0,0,26600,Cash,5
5/5/2021,205/65/15 BOTO,2,17000,0,0,0,34000,Cash,5
5/5/2021,155/12C ONYX,2,9500,0,0,0,19000,Cash,5
5/5/2021,195/14C SUNFULL,3,15500,0,23000,163700,46500,Cash,5
6/5/2021,TVS KING TVS TRICYCLE,1,825000,0,0,825000,825000,Cash,5
6/5/2021,HLX PLUS TVS MOTORCYCLE,1,268000,0,0,0,268000,Credit Sales,5
6/5/2021,195/14C SUNFULL,0,15500,0,0,0,0,Cash,5
6/5/2021,205/65/15 BOTO,0,17000,0,0,0,0,Cash,5
6/5/2021,185/70/14 BOTO,0,13000,0,0,0,0,Cash,5
6/5/2021,155/12C ONYX,0,9500,0,110000,57000,0,Cash,5
7/5/2021,BM-100 BOXER BAJAJ,1,276500,0,0,11060000,276500,Transfer,5
7/5/2021,BM-100 BOXER BAJAJ,1,279000,0,279000,0,279000,Cash,5
7/5/2021,215/60/16 BOTO,2,17000,0,0,0,34000,Cash,5
7/5/2021,205/65/15 CACHLAND,2,16400,0,0,182800,32800,Cash,5
7/5/2021,215/60/16 CACHLAND,2,16500,0,0,0,33000,Transfer,5
7/5/2021,205/60/16 ROADX,1,15000,0,0,0,15000,Transfer,5
7/5/2021,185/70/14 AUSTONE,2,13000,0,0,0,26000,Transfer,5
7/5/2021,195/65/15 CACHLAND,1,13000,0,0,0,13000,Transfer,5
7/5/2021,195/70/14 CACHLAND,1,13000,0,74000,59000,13000,Transfer,5
7/5/2021,205/55/16 ROADX,2,14500,0,0,0,29000,Transfer,5
8/5/2021,HLX PLUS TVS MOTORCYCLE,1,269000,0,0,0,269000,Credit Sales,5
8/5/2021,BM-100 BOXER BAJAJ,1,276000,0,0,0,276000,Others,5
8/5/2021,HLX PLUS TVS MOTORCYCLE,1,270000,0,270000,0,270000,Cash,5
8/5/2021,205/65/15 BOTO,2,17000,0,0,0,34000,Cash,5
8/5/2021,215/60/16 BOTO,2,17000,0,0,0,34000,Others,5
8/5/2021,215/60/16 GALLANT,2,16500,0,0,0,33000,Others,5
8/5/2021,205/60/16 GALLANT,2,15000,0,0,0,30000,Others,5
10/5/2021,HLX PLUS TVS MOTORCYCLE,1,269000,0,0,0,269000,Credit Sales,5
10/5/2021,110-19V JINCHENG LADIES,1,297000,0,0,0,297000,Credit Sales,5
10/5/2021,215/60/16 CACHLAND,3,16400,0,0,0,49200,Credit Sales,5
10/5/2021,205/60/16 AUSTONE,0,17500,0,0,0,0,Credit Sales,5
11/5/2021,BM-100 BOXER BAJAJ,1,276000,0,0,0,276000,Credit Sales,5
11/5/2021,BM-100 BOXER BAJAJ,1,277000,0,277000,0,277000,Cash,5
11/5/2021,185/70/14 ROADX,2,12300,0,0,0,24600,Transfer,5
11/5/2021,185/70/14 CACHLAND,2,12300,0,0,0,24600,Transfer,5
11/5/2021,195/65/15 CACHLAND,2,13000,0,0,188000,26000,Transfer,5
11/5/2021,225/55-17 GALLANT,2,17500,0,0,0,35000,Credit Sales,5
11/5/2021,205/65/15 BOTO,2,17000,0,0,0,34000,Cash,5
11/5/2021,205/65/15 CACHLAND,2,16400,0,0,0,32800,Cash,5
11/5/2021,185/70/14 BOTO,2,13000,0,160800,0,26000,Cash,5
11/5/2021,205/65/15 BOTO,2,17000,0,0,0,34000,Cash,5
11/5/2021,185/70/14 CACHLAND,2,12300,0,0,0,24600,Cash,5
11/5/2021,195/65/15 CACHLAND,1,13000,0,102600,37000,13000,Cash,5
12/5/2021,BM-100 BOXER BAJAJ,1,276000,0,0,0,276000,Credit Sales,5
12/5/2021,BM-100 BOXER BAJAJ,1,279000,0,0,0,279000,Credit Sales,5
12/5/2021,185/70/14 AUSTONE,2,13000,0,0,104000,26000,Transfer,5
12/5/2021,185/70/14 AUSTONE,0,13000,0,0,0,0,Credit Sales,5
12/5/2021,215/60/16 HABILEAD,2,16500,0,0,0,33000,Cash,5
12/5/2021,185/70/14 ROADX,2,12000,0,0,0,24000,Others,5
12/5/2021,205/65/15 BOTO,2,17000,0,0,182000,34000,Others,5
12/5/2021,205/65/15 AUSTONE,2,17500,0,0,0,35000,Credit Sales,5
5/13/2021,BM-100 BOXER BAJAJ,1,278000,0,0,0,278000,Credit Sales,5
5/13/2021,185/70/14 BOTO,2,13000,0,0,0,26000,Others,5
5/13/2021,185/70/14 ROADX,2,12000,0,0,0,24000,Others,5
5/13/2021,205/65/15 CACHLAND,2,16400,0,0,0,32800,Others,5
5/13/2021,215/60/16 GALLANT,1,16400,0,45600,136200,16400,Others,5
5/14/2021,BM-100 BOXER BAJAJ,1,282000,0,282000,0,282000,Cash,5
5/14/2021,195/70/14 CACHLAND,2,13000,0,104000,0,26000,Cash,5
5/14/2021,195/65/15 BOTO,2,13300,0,26600,0,0,Transfer,5
5/14/2021,195/65/15 BOTO,2,13300,0,26600,0,0,Others,5
5/14/2021,195/65/15 BOTO,3,13300,0,39900,0,0,Others,5
5/15/2021,110-19V JINCHENG LADIES,1,297000,0,0,0,297000,Credit Sales,5
5/15/2021,185/70/14 CACHLAND,2,12000,0,0,0,24000,Cash,5
5/15/2021,205/65/15 CACHLAND,3,16400,0,145200,0,49200,Others,5
5/15/2021,215/60/16 GALLANT,2,16800,0,0,0,33600,Cash,5
5/15/2021,185/70/14 CACHLAND,2,12000,0,0,91200,24000,Others,5
5/17/2021,BM-100 BOXER BAJAJ,1,280000,0,55000,225000,280000,Cash,5
5/17/2021,195/65/15 CACHLAND,2,13000,0,52000,0,26000,Cash,5
5/17/2021,215/60/16 CACHLAND,0,18000,0,0,18000,0,Transfer,5
5/17/2021,185/70/14 CACHLAND,2,12000,0,0,0,24000,Cash,5
5/17/2021,205/60/16 CACHLAND,2,15000,0,0,0,30000,Others,5
5/17/2021,185/70/14 AUSTONE,2,13000,0,75000,59000,26000,Others,5
5/17/2021,205/65/15 BOTO,2,17000,0,34000,0,34000,Cash,5
5/18/2021,BM-100 BOXER BAJAJ,1,278000,0,0,0,278000,Credit Sales,5
5/18/2021,205/65/15 BOTO,2,17000,0,0,0,34000,Cash,5
5/18/2021,195/70/14 CACHLAND,3,12900,0,0,0,38700,Cash,5
5/18/2021,185/70/14 CACHLAND,2,12000,0,100000,88700,24000,Cash,5
5/18/2021,185/70/14 BOTO,2,13000,0,0,0,26000,Credit Sales,5
5/19/2021,BM-100 BOXER BAJAJ,1,274000,0,0,0,274000,Credit Sales,5
5/19/2021,195/65/15 CACHLAND,2,12900,0,0,0,25800,Cash,5
5/19/2021,155/12C ONYX,3,9500,0,0,0,28500,Cash,5
5/19/2021,185/70/14 BOTO,2,13000,0,0,0,26000,Cash,5
5/19/2021,215/65/15 CACHLAND,2,16000,0,0,0,32000,Cash,5
5/20/2021,BM-100 BOXER BAJAJ,1,280000,0,0,0,280000,Cash,5
5/20/2021,185/70/14 CACHLAND,3,12300,0,0,0,36900,Cash,5
5/20/2021,205/65/15 CACHLAND,2,17000,0,104900,0,34000,Cash,5
5/20/2021,205/65/15 HABILEAD,2,16400,0,80000,116800,32800,Credit Sales,5
5/20/2021,255/45/19 KAPSEN,2,28000,0,0,0,56000,Credit Sales,5
5/20/2021,195/65/15 HABILEAD,2,13000,0,0,0,26000,Credit Sales,5
5/20/2021,215/60/16 HABILEAD,2,16400,0,0,0,32800,Credit Sales,5
5/21/2021,BM-100 BOXER BAJAJ,1,278000,0,278000,278000,0,Cash,5
5/21/2021,BM-100 BOXER BAJAJ,1,282000,0,215000,67000,282000,Cash,5
5/21/2021,205/65/15 BOTO,2,17000,0,0,0,34000,Cash,5
5/21/2021,225/70/16 HIFLY,2,21000,0,0,169000,42000,Cash,5
5/21/2021,185/70/14 BOTO,2,13000,0,0,0,26000,Cash,5
5/21/2021,185/70/14 CACHLAND,2,12000,0,0,0,24000,Cash,5
5/21/2021,195/70/14 CACHLAND,2,12900,0,176600,176600,25800,Cash,5
5/21/2021,205/60/16 CACHLAND,2,15300,0,91800,0,30600,Cash,5
5/21/2021,195/65/15 CACHLAND,2,12900,0,0,0,25800,Transfer,5
5/21/2021,195/70/14 CACHLAND,2,12900,0,0,0,25800,Transfer,5
5/21/2021,205/65/15 CACHLAND,2,16400,0,130000,33600,32800,Transfer,5
5/21/2021,205/65/15 BOTO,2,16500,0,0,0,33000,Credit Sales,5
5/22/2021,HLX PLUS TVS MOTORCYCLE,1,269000,0,0,0,269000,Credit Sales,5
5/22/2021,110-19 JINCHENG LADIES,1,290000,0,0,0,290000,Cash,5
5/22/2021,205/65/15 CACHLAND,2,16500,0,0,0,33000,Credit Sales,5
5/22/2021,205/60/16 CACHLAND,2,15000,0,0,0,30000,Credit Sales,5
5/22/2021,185/70/14 CACHLAND,2,12000,0,0,0,24000,Credit Sales,5
5/22/2021,195/65/15 CACHLAND,3,13000,0,84000,42000,39000,Credit Sales,5
5/22/2021,185/70/14 BOTO,2,13500,0,27000,0,27000,Cash,5
5/22/2021,185/70/14 BOTO,2,13000,0,0,0,26000,Cash,5
5/24/2021,BM-100 BOXER BAJAJ,1,278000,0,278000,0,278000,Credit Sales,5
5/24/2021,110-19 JINCHENG LADIES,1,290000,0,0,0,290000,Credit Sales,5
5/24/2021,110-19 JINCHENG LADIES,1,290000,0,0,0,290000,Credit Sales,5
5/24/2021,205/65/15 BOTO,2,16800,0,0,134400,33600,Cash,5
5/24/2021,195/65/15 CACHLAND,2,14500,0,0,0,29000,Cash,5
5/24/2021,185/70/14 BOTO,2,13000,0,0,0,26000,Cash,5
5/24/2021,205/60/16 CACHLAND,2,15000,0,0,0,30000,Cash,5
5/25/2021,BM-100 BOXER BAJAJ,1,281000,0,0,0,281000,Credit Sales,5
5/25/2021,HLX PLUS TVS MOTORCYCLE,1,271000,0,271000,0,0,Cash,5
5/25/2021,205/65/15 BOTO,2,16800,0,0,0,33600,Transfer,5
5/25/2021,205/60/16 CACHLAND,3,15000,0,0,213000,45000,Transfer,5
5/25/2021,225/65/17 AUSTONE,2,23000,0,0,0,46000,Cash,5
5/25/2021,185/70/14 CACHLAND,2,12200,0,165200,0,24400,Cash,5
5/25/2021,185/65/14 BOTO,2,12800,0,0,0,25600,Cash,5
5/25/2021,215/55/17 BOTO,2,17500,0,0,0,35000,Cash,5
5/26/2021,BM-100 BOXER BAJAJ,1,280000,0,0,0,280000,Others,5
5/26/2021,BM-100 BOXER BAJAJ,1,278000,0,0,0,278000,Others,5
5/26/2021,HLX PLUS TVS MOTORCYCLE,1,274000,0,274000,0,274000,Cash,5
5/26/2021,195/65/15 CACHLAND,2,13000,0,52000,0,26000,Cash,5
5/26/2021,185/70/14 BOTO,2,13000,0,0,0,26000,Others,5
5/26/2021,205/60/16 JOYROAD,2,15000,0,0,0,30000,Others,5
5/26/2021,215/60/16 GALLANT,2,16400,0,0,0,32800,Others,5
5/26/2021,195/65/15 JOYROAD,2,12800,0,188000,118800,25600,Others,5
5/26/2021,185/70/14 CACHLAND,2,12000,0,48000,0,24000,Cash,5
5/26/2021,235/70/16 JOYROAD,2,23000,0,0,0,46000,Cash,5
5/26/2021,235/45/18 JOYROAD,2,22000,0,0,0,44000,Cash,5
5/26/2021,215/60/16 HABILEAD,2,16800,0,0,0,33600,Cash,5
5/26/2021,205/60/16 HABILEAD,2,15300,0,0,0,30600,Cash,5
5/27/2021,TVS KING TVS TRICYCLE,1,850000,0,850000,0,850000,Transfer,5
5/27/2021,HLX PLUS TVS MOTORCYCLE,1,274000,0,0,274000,274000,Credit Sales,5
5/27/2021,BM-100 BOXER BAJAJ,1,279000,0,0,0,279000,Cash,5
5/27/2021,215/55/17 BOTO,2,17500,0,0,35000,35000,Transfer,5
5/27/2021,185/70/14 JOYROAD,2,12000,0,0,0,24000,Cash,5
5/27/2021,185/70/14 CACHLAND,2,12000,0,0,0,24000,Cash,5
5/27/2021,195/65/15 HABILEAD,2,13000,0,0,0,26000,Cash,5
5/27/2021,215/60/16 JOYROAD,2,16500,0,76000,136000,33000,Cash,5
5/27/2021,195/70/14 CACHLAND,2,12900,0,0,0,25800,Transfer,5
5/28/2021,BM-100 BOXER BAJAJ,1,280000,0,0,0,280000,Transfer,5
5/28/2021,BM-100 BOXER BAJAJ,1,280000,0,0,280000,280000,Credit Sales,5
5/28/2021,185/70/14 JOYROAD,1,13000,0,13000,0,13000,Cash,5
5/28/2021,195/70/14 BOTO,2,13300,0,0,0,26600,Transfer,5
5/28/2021,215/60/16 GALLANT,2,16400,0,0,0,32800,Transfer,5
5/28/2021,195/60/15 JOYROAD,2,12500,0,77000,198200,25000,Transfer,5
5/28/2021,185/70/14 BOTO,2,13000,0,0,0,26000,Transfer,5
5/28/2021,185/70/14 AUSTONE,2,13000,0,0,0,26000,Transfer,5
5/29/2021,110-19 JINCHENG LADIES,1,295000,0,295000,0,295000,Cash,5
5/29/2021,BM-100 BOXER BAJAJ,1,282000,0,282000,0,282000,Cash,5
5/29/2021,185/14C SUNFULL,2,14000,0,0,0,28000,Credit Sales,5
5/29/2021,205/60/16 JOYROAD,2,15000,0,50000,150000,30000,Credit Sales,5
5/29/2021,195/65/15 CACHLAND,2,12800,0,0,0,25600,Cash,5
5/29/2021,195/65/15 JOYROAD,2,12800,0,48000,131200,25600,Cash,5
5/31/2021,BM-100 BOXER BAJAJ,1,280000,0,280000,0,280000,Cash,5
5/31/2021,BM-100 BOXER BAJAJ,1,282000,0,0,846000,282000,Transfer,5
5/31/2021,BM-100 BOXER BAJAJ,1,285000,0,285000,285000,0,Cash,5
5/31/2021,235/55/18 BOTO,0,27000,0,0,108000,0,Cash,5
5/31/2021,195/65/15 HABILEAD,2,12900,0,0,0,25800,Credit Sales,5
5/31/2021,215/60/16 GALLANT,2,16400,0,0,0,32800,Credit Sales,5
5/31/2021,195/65/15 CACHLAND,2,12900,0,75000,119600,25800,Credit Sales,5
5/31/2021,315/80/22.5 GT817 GLADSTONE,2,83500,0,0,0,167000,Credit Sales,5
5/31/2021,315/80/22.5 GT817 GLADSTONE,2,83500,0,0,1670000,167000,Credit Sales,5
5/31/2021,315/80/22.5 GT831 GLADSTONE,2,87000,0,0,174000,174000,Cash,5
5/31/2021,315/80/22.5 TF268 TRUEFAST,2,83000,0,0,0,166000,Cash,5
5/31/2021,315/80/22.5 TF128 TRUEFAST,2,83000,0,240000,756000,166000,Cash,5
5/31/2021,315/80/22.5 GL901 GALLANT,2,83000,0,0,498000,166000,Transfer,5
5/31/2021,315/80/22.5 GL901 GALLANT,2,83000,0,0,0,166000,Transfer,5
5/31/2021,315/80/22.5 TF268 TRUEFAST,2,83000,0,0,0,166000,Transfer,5
5/31/2021,315/80/22.5 GL901 GALLANT,2,83000,0,0,0,166000,Transfer,5
5/31/2021,315/80/22.5 GT831 GLADSTONE,2,83500,0,501000,0,167000,Transfer,5
1/6/2021,HLX PLUS TVS MOTORCYCLE,1,271000,0,0,0,271000,Transfer,6
1/6/2021,205/60/16 JOYROAD,2,15000,0,0,0,30000,Cash,6
1/6/2021,215/60/16 GALLANT,2,16400,0,0,0,32800,Cash,6
1/6/2021,195/65/15 HABILEAD,1,12900,0,100000,38500,12900,Cash,6
1/6/2021,205/60/16 JOYROAD,2,15000,0,0,0,30000,Credit Sales,6
1/6/2021,205/60/16 CACHLAND,2,15000,0,180000,0,30000,Credit Sales,6
1/6/2021,185/70/14 BOTO,2,13000,0,0,0,26000,Cash,6
2/6/2021,TVS KING TVS TRICYCLE,1,850000,0,0,850000,850000,Credit Sales,6
2/6/2021,RE-4S BAJAJ TRICYCLE,1,775000,0,0,775000,775000,Credit Sales,6
2/6/2021,TVS KING TVS TRICYCLE,1,850000,0,0,850000,850000,Cash,6
2/6/2021,RE-4S BAJAJ TRICYCLE,1,773000,0,773000,0,773000,Cash,6
2/6/2021,TVS KING TVS TRICYCLE,1,848000,0,2194000,385000,848000,Transfer,6
2/6/2021,TVS KING TVS TRICYCLE,1,848000,0,848000,0,848000,Transfer,6
2/6/2021,TVS KING TVS TRICYCLE,1,848000,0,0,848000,848000,Cash,6
2/6/2021,RE-4S BAJAJ TRICYCLE,1,775000,0,775000,0,775000,Credit Sales,6
2/6/2021,TVS KING TVS TRICYCLE,1,850000,0,0,850000,850000,Transfer,6
2/6/2021,TVS KING TVS TRICYCLE,1,850000,0,0,850000,850000,Credit Sales,6
2/6/2021,HLX PLUS TVS MOTORCYCLE,1,272000,0,0,272000,272000,Transfer,6
2/6/2021,HLX PLUS TVS MOTORCYCLE,1,272000,0,0,0,272000,Transfer,6
2/6/2021,205/65/15 BOTO,2,16800,0,0,0,33600,Cash,6
2/6/2021,195/70/14 BOTO,2,13300,0,0,0,26600,Cash,6
2/6/2021,185/70/14 JOYROAD,2,12000,0,0,0,24000,Cash,6
2/6/2021,195/65/15 HABILEAD,2,12900,0,120000,98400,25800,Cash,6
2/6/2021,205/60/16 CACHLAND,1,15000,0,0,0,15000,Cash,6
2/6/2021,205/65/15 JOYROAD,2,16400,0,0,0,32800,Cash,6
2/6/2021,215/60/16 HABILEAD,2,16400,0,0,0,32800,Cash,6
2/6/2021,195/65/15 HABILEAD,1,12900,0,0,0,12900,Cash,6
3/6/2021,HLX PLUS TVS MOTORCYCLE,1,272000,0,0,0,272000,Transfer,6
3/6/2021,BM-100 BOXER BAJAJ,1,282000,0,0,0,282000,Cash,6
3/6/2021,205/60/16 CACHLAND,2,15000,0,0,0,30000,Credit Sales,6
3/6/2021,195/65/15 CACHLAND,2,12900,0,0,0,25800,Credit Sales,6
3/6/2021,185/70/14 BOTO,2,13000,0,109500,27600,26000,Credit Sales,6
3/6/2021,205/65/15 BOTO,2,16800,0,0,0,33600,Cash,6
4/6/2021,HLX PLUS TVS MOTORCYCLE,1,273000,0,0,0,273000,Credit Sales,6
4/6/2021,110-19V JINCHENG LADIES,1,299000,0,0,0,299000,Credit Sales,6
4/6/2021,110-19V JINCHENG LADIES,1,299000,0,0,0,299000,Credit Sales,6
4/6/2021,205/65/15 BOTO,2,18000,0,0,72000,36000,Cash,6
4/6/2021,205/65/15 CACHLAND,2,16500,0,0,66000,33000,Cash,6
4/6/2021,205/65/15 CACHLAND,2,16400,0,0,0,32800,Transfer,6
4/6/2021,205/60/16 CACHLAND,2,15000,0,0,0,30000,Transfer,6
4/6/2021,215/60/16 GALLANT,2,16400,0,0,0,32800,Transfer,6
4/6/2021,205/65/15 BOTO,1,16800,0,125000,50200,16800,Transfer,6
4/6/2021,205/60/16 CACHLAND,2,15000,0,0,0,30000,Credit Sales,6
4/6/2021,185/70/14 HABILEAD,2,12000,0,0,0,24000,Credit Sales,6
4/6/2021,185/70/14 JOYROAD,2,12000,0,0,0,24000,Credit Sales,6
4/6/2021,195/65/15 CACHLAND,2,12900,0,123000,28800,25800,Credit Sales,6
5/6/2021,110-19 JINCHENG LADIES,1,293000,0,0,0,293000,Cash,6
5/6/2021,HLX PLUS TVS MOTORCYCLE,1,274000,0,274000,0,274000,Transfer,6
5/6/2021,BM-100 BOXER BAJAJ,1,280000,0,0,8400000,280000,Credit Sales,6
5/6/2021,185/65/15 JOYROAD,2,12800,0,0,0,25600,Credit Sales,6
5/6/2021,195/60/15 JOYROAD,2,12500,0,0,0,25000,Credit Sales,6
5/6/2021,185/65/14 JOYROAD,2,12000,0,0,0,24000,Credit Sales,6
5/6/2021,245/40/17 CACHLAND,2,19000,0,0,0,38000,Credit Sales,6
5/6/2021,235/45/17 CACHLAND,2,18000,0,0,0,36000,Credit Sales,6
5/6/2021,205/60/16 JOYROAD,2,15000,0,0,0,30000,Credit Sales,6
5/6/2021,215/60/16 JOYROAD,2,16500,0,0,0,33000,Credit Sales,6
5/6/2021,205/65/15 JOYROAD,2,16500,0,0,0,33000,Credit Sales,6
7/6/2021,HLX PLUS TVS MOTORCYCLE,1,275000,0,195000,80000,275000,Transfer,6
7/6/2021,HLX PLUS TVS MOTORCYCLE,1,273000,0,0,0,273000,Transfer,6
7/6/2021,110-19V JINCHENG LADIES,1,299000,0,299000,0,0,Cash,6
7/6/2021,185/70/14 BOTO,2,13000,0,0,0,26000,Transfer,6
7/6/2021,205/65/15 BOTO,2,16800,0,0,0,33600,Transfer,6
7/6/2021,185/70/14 ROADX,2,12000,0,0,167200,24000,Transfer,6
7/6/2021,215/60/16 GALLANT,2,16300,0,0,0,32600,Credit Sales,6
7/6/2021,195/65/15 HABILEAD,2,12800,0,0,0,25600,Credit Sales,6
7/6/2021,205/65/15 HABILEAD,2,16300,0,0,0,32600,Credit Sales,6
7/6/2021,215/60/16 HABILEAD,2,16300,0,0,0,32600,Credit Sales,6
7/6/2021,225/70/16 HIFLY,2,21000,0,0,0,42000,Credit Sales,6
7/6/2021,185/70/14 CACHLAND,2,12000,0,0,0,24000,Credit Sales,6
7/6/2021,195/65/15 CACHLAND,2,12700,0,0,0,25400,Credit Sales,6
8/6/2021,BM-100 BOXER BAJAJ,1,282000,0,0,0,282000,Transfer,6
8/6/2021,BM-100 BOXER BAJAJ,1,280000,0,0,0,280000,Transfer,6
8/6/2021,BM-100 BOXER BAJAJ,1,279000,0,0,1687000,279000,Transfer,6
8/6/2021,BM-100 BOXER BAJAJ,1,282000,0,0,0,282000,Credit Sales,6
8/6/2021,205/60/16 CACHLAND,2,15000,0,0,0,30000,Transfer,6
8/6/2021,185/70/14 BOTO,2,13000,0,0,0,26000,Transfer,6
9/6/2021,BM-100 BOXER BAJAJ,1,272500,0,0,0,272500,Credit Sales,6
9/6/2021,BM-100 BOXER BAJAJ,1,284000,0,0,0,284000,Cash,6
9/6/2021,BM-100 BOXER BAJAJ,1,279000,0,0,0,279000,Cash,6
9/6/2021,205/65/15 CACHLAND,2,16400,0,0,0,32800,Cash,6
9/6/2021,185/70/14 BOTO,2,13000,0,0,0,26000,Cash,6
9/6/2021,185/70/14 CACHLAND,2,12000,0,160000,38400,24000,Cash,6
9/6/2021,205/65/15 BOTO,2,16800,0,0,0,33600,Credit Sales,6
9/6/2021,185/70/14 AUSTONE,2,13000,0,0,0,26000,Credit Sales,6
9/6/2021,215/60/16 JOYROAD,2,16500,0,96700,139500,33000,Credit Sales,6
10/6/2021,BM-100 BOXER BAJAJ,1,283000,0,283000,0,283000,Credit Sales,6
10/6/2021,HLX PLUS TVS MOTORCYCLE,1,273000,0,0,0,273000,Transfer,6
10/6/2021,BM-100 BOXER BAJAJ,1,283000,0,0,0,283000,Transfer,6
10/6/2021,205/60/16 JOYROAD,2,16000,0,0,32000,32000,Cash,6
10/6/2021,12.00/20 GLADSTONE,2,107000,0,0,0,214000,Cash,6
10/6/2021,205/60/16 CACHLAND,3,15000,0,0,0,45000,Cash,6
10/6/2021,195/60/15 JOYROAD,2,12500,0,0,0,25000,Cash,6
11/6/2021,HLX PLUS TVS MOTORCYCLE,1,273000,0,0,0,273000,Cash,6
11/6/2021,215/60/16 JOYROAD,2,16400,0,0,0,32800,Cash,6
11/6/2021,185/70/14 HABILEAD,2,12000,0,119200,53600,24000,Cash,6
11/6/2021,205/65/15 BOTO,1,16800,0,0,0,16800,Cash,6
11/6/2021,195/60/15 JOYROAD,2,12500,0,0,0,25000,Cash,6
11/6/2021,205/65/15 HABILEAD,2,16500,0,0,0,33000,Cash,6
11/6/2021,205/65/15 CACHLAND,3,16500,0,125800,89500,49500,Cash,6
11/6/2021,215/60/16 GALLANT,2,16400,0,0,0,32800,Transfer,6
11/6/2021,215/60/16 JOYROAD,2,16400,0,0,0,32800,Transfer,6
11/6/2021,185/70/14 HABILEAD,2,12000,0,0,0,24000,Transfer,6
11/6/2021,185/70/14 CACHLAND,2,12000,0,0,0,24000,Transfer,6
12/6/2021,HLX PLUS TVS MOTORCYCLE,1,275000,0,275000,0,275000,Cash,6
12/6/2021,BM-100 BOXER BAJAJ,1,283000,0,1000000,132000,283000,Cash,6
12/6/2021,BM-100 BOXER BAJAJ,1,284000,0,0,0,284000,Credit Sales,6
12/6/2021,185/70/14 AUSTONE,2,13000,0,0,0,26000,Cash,6
12/6/2021,185/70/14 BOTO,2,13000,0,195000,0,26000,Cash,6
6/14/2021,BM-100 BOXER BAJAJ,1,283000,0,283000,0,283000,Cash,6
6/14/2021,110-19 JINCHENG LADIES,1,293000,0,293000,0,0,Credit Sales,6
6/14/2021,HLX PLUS TVS MOTORCYCLE,1,275000,0,0,275000,275000,Cash,6
6/14/2021,HLX PLUS TVS MOTORCYCLE,1,273000,0,0,0,273000,Cash,6
6/14/2021,HLX PLUS TVS MOTORCYCLE,1,275000,0,275000,0,275000,Cash,6
6/14/2021,235/65/17 JOYROAD,2,22500,0,30000,20000,45000,Cash,6
6/14/2021,185/70/14 BOTO,2,12900,0,0,0,25800,Credit Sales,6
6/14/2021,185/70/14 AUSTONE,3,12900,0,0,0,38700,Credit Sales,6
6/14/2021,205/60/16 CACHLAND,2,15000,0,0,0,30000,Credit Sales,6
6/14/2021,205/65/15 BOTO,2,16700,0,0,0,33400,Credit Sales,6
6/14/2021,185/70/14 CACHLAND,2,11900,0,125000,76300,23800,Credit Sales,6
6/14/2021,205/65/15 BOTO,2,16700,0,0,0,33400,Cash,6
6/14/2021,205/60/16 CACHLAND,2,15000,0,0,0,30000,Cash,6
6/15/2021,HLX PLUS TVS MOTORCYCLE,1,273000,0,0,0,273000,Transfer,6
6/15/2021,110-19V JINCHENG LADIES,1,299000,0,0,0,299000,Transfer,6
6/15/2021,HLX PLUS TVS MOTORCYCLE,1,273000,0,0,0,273000,Credit Sales,6
6/15/2021,BM-100 BOXER BAJAJ,1,284000,0,284000,284000,0,Cash,6
6/15/2021,205/65/15 BOTO,2,16700,0,0,0,33400,Cash,6
6/15/2021,185/70/14 BOTO,2,13000,0,120000,91600,26000,Cash,6
6/15/2021,255/50/19 JOYROAD,2,28000,0,0,0,56000,Transfer,6
6/15/2021,205/65/15 BOTO,2,16700,0,0,0,33400,Transfer,6
6/15/2021,185/70/14 AUSTONE,2,13000,0,0,0,26000,Transfer,6
6/15/2021,185/70/14 BOTO,2,13000,0,135000,95800,26000,Transfer,6
6/15/2021,225/45/17 BOTO,2,17500,0,0,0,35000,Others,6
6/15/2021,215/55/17 BOTO,2,17500,0,0,0,35000,Others,6
6/16/2021,110-19 JINCHENG LADIES,1,294000,0,0,0,294000,Credit Sales,6
6/16/2021,BM-100 BOXER BAJAJ,1,284000,0,0,0,284000,Credit Sales,6
6/16/2021,BM-100 BOXER BAJAJ,1,284000,0,0,0,284000,Others,6
6/16/2021,HLX PLUS TVS MOTORCYCLE,1,275000,0,275000,0,275000,Cash,6
6/16/2021,215/55/17 BOTO,2,17000,0,0,0,34000,Credit Sales,6
6/16/2021,215/60/16 BOTO,2,17000,0,0,0,34000,Credit Sales,6
6/16/2021,215/70/16 JOYROAD,2,18500,0,0,0,37000,Credit Sales,6
6/16/2021,225/60/16 BOTO,2,17300,0,0,0,34600,Credit Sales,6
6/16/2021,195/70/14 BOTO,2,13300,0,0,0,26600,Credit Sales,6
6/16/2021,205/60/16 JOYROAD,2,15000,0,0,0,30000,Others,6
6/16/2021,215/60/16 JOYROAD,2,16400,0,0,0,32800,Others,6
6/16/2021,215/60/16 JOYROAD,2,16400,0,0,0,32800,Cash,6
6/16/2021,205/60/16 JOYROAD,2,15000,0,0,0,30000,Cash,6
6/16/2021,185/70/14 CACHLAND,2,12000,0,0,0,24000,Cash,6
6/17/2021,HLX PLUS TVS MOTORCYCLE,1,275000,0,0,0,275000,Credit Sales,6
6/17/2021,HLX PLUS TVS MOTORCYCLE,1,275000,0,0,0,275000,Credit Sales,6
6/17/2021,HLX PLUS TVS MOTORCYCLE,1,275000,0,0,0,275000,Credit Sales,6
6/17/2021,215/65/16 JOYROAD,2,17000,0,34000,0,34000,Cash,6
6/17/2021,215/60/16 JOYROAD,0,19000,0,0,0,0,Transfer,6
6/17/2021,185/70/14 ROADX,2,12000,0,0,0,24000,Transfer,6
6/17/2021,205/65/15 CACHLAND,2,16500,0,0,0,33000,Transfer,6
6/18/2021,BM-100 BOXER BAJAJ,1,285000,0,285000,0,285000,Cash,6
6/18/2021,BM-100 BOXER BAJAJ,1,283000,0,0,0,283000,Credit Sales,6
6/18/2021,205/65/15 BOTO,2,16800,0,0,0,33600,Transfer,6
6/18/2021,185/70/14 ROADX,2,12000,0,0,0,24000,Transfer,6
6/18/2021,185/70/14 BOTO,2,13000,0,45000,137600,26000,Transfer,6
6/18/2021,185/70/14 ROADX,2,12000,0,0,0,24000,Cash,6
6/19/2021,110-19 JINCHENG LADIES,1,297000,0,297000,0,297000,Cash,6
6/19/2021,BM-100 BOXER BAJAJ,1,279000,0,0,0,279000,Credit Sales,6
6/19/2021,BM-100 BOXER BAJAJ,1,279000,0,0,1124000,279000,Credit Sales,6
6/19/2021,205/65/15 BOTO,2,16800,0,0,0,33600,Transfer,6
6/19/2021,215/60/16 JOYROAD,2,16500,0,0,0,33000,Transfer,6
6/19/2021,185/70/14 ROADX,2,12000,0,0,0,24000,Transfer,6
6/19/2021,185/70/14 AUSTONE,2,13000,0,93400,89800,26000,Transfer,6
6/19/2021,205/65/15 BOTO,2,16800,0,0,0,33600,Cash,6
6/19/2021,205/65/15 CACHLAND,2,16500,0,0,0,33000,Cash,6
6/21/2021,BM-100 BOXER BAJAJ,1,285000,0,285000,0,285000,Cash,6
6/21/2021,BM-100 BOXER BAJAJ,1,284000,0,0,0,284000,Credit Sales,6
6/21/2021,BM-100 BOXER BAJAJ,1,278000,0,0,0,278000,Credit Sales,6
6/21/2021,205/65/15 BOTO,2,16800,0,0,0,33600,Transfer,6
6/21/2021,185/70/14 ROADX,2,12000,0,0,0,24000,Transfer,6
6/21/2021,215/60/16 JOYROAD,2,16500,0,0,0,33000,Transfer,6
6/21/2021,185/70/14 CACHLAND,2,12000,0,200000,53800,24000,Transfer,6
6/21/2021,205/65/15 JOYROAD,2,16500,0,0,0,33000,Transfer,6
6/21/2021,215/60/16 JOYROAD,2,16500,0,0,0,33000,Transfer,6
6/22/2021,HLX PLUS TVS MOTORCYCLE,1,275000,0,0,0,275000,Credit Sales,6
6/22/2021,110-19V JINCHENG LADIES,1,299000,0,0,0,299000,Credit Sales,6
6/22/2021,205/65/15 BOTO,2,16800,0,0,0,33600,Transfer,6
6/22/2021,215/60/16 HABILEAD,2,16500,0,0,0,33000,Transfer,6
6/22/2021,185/70/14 HABILEAD,2,12000,0,7000,174800,24000,Transfer,6
6/22/2021,235/60/18 CACHLAND,2,22000,0,0,0,44000,Cash,6
6/22/2021,235/55/20 JOYROAD,2,28000,0,0,0,56000,Cash,6
6/22/2021,235/45/18 JOYROAD,2,21000,0,0,0,42000,Cash,6
6/23/2021,TVS KING TVS TRICYCLE,1,870000,0,870000,0,870000,Cash,6
6/23/2021,BM-100 BOXER BAJAJ,1,279000,0,0,0,279000,Credit Sales,6
6/23/2021,HLX PLUS TVS MOTORCYCLE,1,275000,0,0,0,275000,Credit Sales,6
6/23/2021,195/65/15 JOYROAD,2,13500,0,27000,0,27000,Cash,6
6/23/2021,185/70/14 JOYROAD,2,12000,0,0,0,24000,Cash,6
6/23/2021,185/70/14 CACHLAND,2,12000,0,84000,0,24000,Cash,6
6/23/2021,205/65/15 HABILEAD,2,16500,0,0,0,33000,Transfer,6
6/24/2021,RE-4S BAJAJ TRICYCLE,1,807000,0,0,807000,807000,Cash,6
6/24/2021,HLX PLUS TVS MOTORCYCLE,1,275000,0,0,0,275000,Credit Sales,6
6/24/2021,BM-100 BOXER BAJAJ,1,285000,0,285000,0,285000,Cash,6
6/24/2021,205/65/15 BOTO,3,16800,0,0,0,50400,Cash,6
6/24/2021,205/65/15 HABILEAD,2,16500,0,0,0,33000,Cash,6
6/24/2021,235/55/19 BOTO,2,28000,0,0,0,56000,Cash,6
6/24/2021,245/45/19 BOTO,2,27000,0,0,0,54000,Cash,6
6/24/2021,185/70/14 CACHLAND,2,12000,0,0,376900,24000,Cash,6
6/24/2021,235/55/19 BOTO,2,28000,0,0,0,56000,Transfer,6
6/24/2021,245/45/19 BOTO,2,27000,0,0,0,54000,Transfer,6
6/24/2021,185/70/14 AUSTONE,2,13000,0,0,0,26000,Transfer,6
6/25/2021,HLX PLUS TVS MOTORCYCLE,1,275000,0,0,0,275000,Credit Sales,6
6/25/2021,BM-100 BOXER BAJAJ,1,284000,0,0,0,284000,Credit Sales,6
6/25/2021,HLX PLUS TVS MOTORCYCLE,1,275000,0,0,0,275000,Credit Sales,6
6/25/2021,235/60/18 BOTO,2,23000,0,0,0,46000,Credit Sales,6
6/25/2021,205/65/15 JOYROAD,2,16500,0,30000,187000,33000,Credit Sales,6
6/25/2021,235/55/18 BOTO,2,23000,0,0,0,46000,Credit Sales,6
6/25/2021,205/65/15 JOYROAD,2,16500,0,0,0,33000,Credit Sales,6
6/26/2021,HLX PLUS TVS MOTORCYCLE,1,275000,0,0,0,275000,Credit Sales,6
6/26/2021,BM-100 BOXER BAJAJ,1,279000,0,0,0,279000,Credit Sales,6
6/26/2021,205/65/15 BOTO,2,16800,0,38500,179100,33600,Cash,6
6/26/2021,235/45/20 HABILEAD,2,45000,0,0,0,90000,Cash,6
6/28/2021,BM-100 BOXER BAJAJ,1,285000,0,0,285000,285000,Transfer,6
6/28/2021,HLX PLUS TVS MOTORCYCLE,1,277000,0,277000,0,277000,Cash,6
6/28/2021,BM-100 BOXER BAJAJ,1,279000,0,0,8370000,279000,Credit Sales,6
6/28/2021,185/70/14 BOTO,2,13000,0,0,0,26000,Others,6
6/28/2021,185/70/14 CACHLAND,2,12000,0,0,152000,24000,Others,6
6/28/2021,185/70/14 BOTO,2,13000,0,0,0,26000,Cash,6
6/28/2021,185/70/14 CACHLAND,2,12000,0,41000,33000,24000,Cash,6
6/28/2021,205/65/15 JOYROAD,2,16500,0,0,0,33000,Others,6
6/28/2021,205/65/15 BOTO,2,16800,0,0,0,33600,Others,6
6/29/2021,BM-100 BOXER BAJAJ,1,280000,0,214000,66000,280000,Transfer,6
6/29/2021,110-19 JINCHENG LADIES,1,295000,0,0,0,295000,Credit Sales,6
6/29/2021,XL-100 TVS M/C,1,220000,0,0,220000,220000,Credit Sales,6
6/29/2021,185/70/14 BOTO,2,13000,0,0,0,26000,Cash,6
6/29/2021,205/65/15 BOTO,2,16800,0,0,0,33600,Cash,6
6/29/2021,185/70/14 AUSTONE,2,13000,0,130000,171200,26000,Cash,6
6/29/2021,205/65/15 BOTO,2,16700,0,0,0,33400,Transfer,6
6/29/2021,245/45/18 BOTO,2,23000,0,0,0,46000,Transfer,6
6/29/2021,235/55/19 BOTO,2,28000,0,0,0,56000,Transfer,6
6/30/2021,HLX PLUS TVS MOTORCYCLE,1,275000,0,0,0,275000,Credit Sales,6
6/30/2021,BM-100 BOXER BAJAJ,1,284000,0,0,0,284000,Credit Sales,6
6/30/2021,205/65/15 JOYROAD,2,16500,0,0,33000,33000,Transfer,6
6/30/2021,205/65/15 JOYROAD,0,16500,0,0,33000,0,Others,6
6/30/2021,205/65/15 BOTO,3,16800,0,0,0,50400,Credit Sales,6
6/30/2021,185/70/14 JOYROAD,2,12000,0,66700,31700,24000,Credit Sales,6
6/30/2021,205/60/16 JOYROAD,2,15000,0,0,0,30000,Cash,6
6/30/2021,205/65/15 BOTO,2,16800,0,0,0,33600,Cash,6
1/7/2021,HLX PLUS TVS MOTORCYCLE,1,275000,0,0,0,275000,Credit Sales,7
1/7/2021,110-19V JINCHENG LADIES,1,302000,0,302000,0,302000,Cash,7
1/7/2021,205/65/15 JOYROAD,2,16500,0,0,0,33000,Credit Sales,7
1/7/2021,185/70/14 BOTO,2,13000,0,0,0,26000,Credit Sales,7
1/7/2021,205/65/15 HABILEAD,2,16500,0,0,0,33000,Credit Sales,7
1/7/2021,205/65/15 BOTO,2,16800,0,115000,69600,33600,Credit Sales,7
1/7/2021,205/65/15 HABILEAD,2,16500,0,0,0,33000,Transfer,7
1/7/2021,185/70/14 CACHLAND,2,12000,0,0,0,24000,Transfer,7
1/7/2021,205/65/15 JOYROAD,2,16500,0,0,180000,33000,Transfer,7
1/7/2021,185/70/14 CACHLAND,2,12000,0,0,120000,24000,Cash,7
1/7/2021,205/65/15 BOTO,2,16800,0,0,0,33600,Cash,7
1/7/2021,205/65/15 CACHLAND,2,16500,0,0,0,33000,Cash,7
2/7/2021,RE-4S BAJAJ TRICYCLE,1,818000,0,818000,0,818000,Transfer,7
2/7/2021,HLX PLUS TVS MOTORCYCLE,1,275000,0,0,0,275000,Credit Sales,7
2/7/2021,BM-100 BOXER BAJAJ,1,281000,0,0,0,281000,Credit Sales,7
2/7/2021,HLX PLUS TVS MOTORCYCLE,1,277000,0,277000,0,277000,Cash,7
2/7/2021,185/70/14 HABILEAD,2,12000,0,0,0,24000,Transfer,7
2/7/2021,205/65/15 HABILEAD,2,16500,0,0,0,33000,Others,7
2/7/2021,185/70/14 JOYROAD,3,12000,0,17000,205000,36000,Others,7
2/7/2021,235/45/18 JOYROAD,2,22500,0,0,0,45000,Cash,7
2/7/2021,205/65/15 HABILEAD,2,16500,0,0,123000,33000,Cash,7
2/7/2021,205/65/15 BOTO,2,16800,0,0,168000,33600,Transfer,7
2/7/2021,185/70/14 HABILEAD,2,12000,0,0,0,24000,Credit Sales,7
2/7/2021,205/65/15 HABILEAD,2,16500,0,0,0,33000,Credit Sales,7
2/7/2021,225/55/18 HABILEAD,3,19500,0,105000,139500,58500,Credit Sales,7
2/7/2021,225/55/17 WINDA,2,19300,0,0,0,38600,Transfer,7
3/7/2021,BM-100 BOXER BAJAJ,1,284000,0,0,284000,284000,Credit Sales,7
3/7/2021,HLX PLUS TVS MOTORCYCLE,1,275000,0,0,0,275000,Credit Sales,7
3/7/2021,205/65/15 BOTO,2,16800,0,0,386400,33600,Transfer,7
3/7/2021,205/65/15 HABILEAD,2,16500,0,0,0,33000,Cash,7
3/7/2021,205/65/15 BOTO,3,16800,0,0,0,50400,Cash,7
3/7/2021,185/70/14 HABILEAD,2,12000,0,0,0,24000,Cash,7
3/7/2021,205/65/15 JOYROAD,2,16500,0,30000,167400,33000,Cash,7
3/7/2021,205/65/15 HABILEAD,2,16500,0,0,0,33000,Transfer,7
3/7/2021,185/70/14 BOTO,2,13000,0,0,0,26000,Transfer,7
3/7/2021,185/70/14 AUSTONE,2,13000,0,0,0,26000,Transfer,7
5/7/2021,BM-100 BOXER BAJAJ,1,284000,0,0,0,284000,Credit Sales,7
5/7/2021,BM-100 BOXER BAJAJ,1,279000,0,0,0,279000,Credit Sales,7
5/7/2021,HLX PLUS TVS MOTORCYCLE,1,275000,0,0,0,275000,Credit Sales,7
5/7/2021,185/70/14 BOTO,2,13000,0,0,0,26000,Transfer,7
5/7/2021,185/70/14 AUSTONE,0,12000,0,0,0,0,Transfer,7
5/7/2021,205/60/16 WINDA,2,16500,0,20000,192000,33000,Transfer,7
5/7/2021,185/70/14 HABILEAD,2,12000,0,0,48000,24000,Credit Sales,7
6/7/2021,HLX PLUS TVS MOTORCYCLE,1,276000,0,0,0,276000,Credit Sales,7
6/7/2021,110-19 JINCHENG LADIES,1,295000,0,0,0,295000,Others,7
6/7/2021,HLX PLUS TVS MOTORCYCLE,1,275000,0,0,0,275000,Credit Sales,7
6/7/2021,205/65/15 JOYROAD,2,16500,0,0,0,33000,Credit Sales,7
6/7/2021,205/65/15 WINDA,2,17500,0,0,0,35000,Credit Sales,7
6/7/2021,185/70/14 CACHLAND,2,12000,0,0,0,24000,Credit Sales,7
6/7/2021,185/70/14 HABILEAD,3,12000,0,40000,192200,36000,Credit Sales,7
6/7/2021,185/70/14 AUSTONE,2,13000,0,0,0,26000,Transfer,7
6/7/2021,205/65/15 WINDA,2,17500,0,0,0,35000,Transfer,7
7/7/2021,HLX PLUS TVS MOTORCYCLE,1,275000,0,0,0,275000,Credit Sales,7
7/7/2021,BM-100 BOXER BAJAJ,1,284000,0,0,0,284000,Credit Sales,7
7/7/2021,110-19V JINCHENG LADIES,1,300000,0,0,0,300000,Credit Sales,7
7/7/2021,110-19V JINCHENG LADIES,1,300000,0,0,0,300000,Cash,7
7/7/2021,205/65/15 HABILEAD,2,16500,0,0,0,33000,Cash,7
7/7/2021,185/70/14 JOYROAD,2,12000,0,0,0,24000,Cash,7
7/7/2021,185/70/14 HABILEAD,2,12000,0,0,0,24000,Cash,7
7/7/2021,185/70/14 AUSTONE,1,13000,0,0,0,13000,Cash,7
8/7/2021,BM-100 BOXER BAJAJ,1,282000,0,0,0,282000,Credit Sales,7
8/7/2021,BM-100 BOXER BAJAJ,1,285000,0,285000,0,285000,Others,7
8/7/2021,BM-100 BOXER BAJAJ,1,283000,0,0,0,283000,Credit Sales,7
8/7/2021,185/70/14 WINDA,2,13400,0,0,0,26800,Transfer,7
8/7/2021,205/65/15 CACHLAND,2,16500,0,0,0,33000,Transfer,7
8/7/2021,185/70/14 BOTO,3,13000,0,0,0,39000,Transfer,7
8/7/2021,205/65/15 BOTO,2,16800,0,0,159200,33600,Transfer,7
9/7/2021,HLX PLUS TVS MOTORCYCLE,1,278000,0,0,278000,278000,Credit Sales,7
9/7/2021,185/70/14 WINDA,3,13400,0,0,0,40200,Transfer,7
9/7/2021,185/70/14 BOTO,3,13000,0,0,0,39000,Transfer,7
9/7/2021,185/70/14 AUSTONE,2,13000,0,0,0,26000,Transfer,7
9/7/2021,205/65/15 HABILEAD,2,16500,0,0,0,33000,Transfer,7
10/7/2021,TVS KING TVS TRICYCLE,1,880000,0,0,880000,880000,Transfer,7
10/7/2021,TVS KING TVS TRICYCLE,1,880000,0,0,880000,880000,Transfer,7
10/7/2021,TVS KING TVS TRICYCLE,1,880000,0,0,880000,880000,Transfer,7
10/7/2021,TVS KING TVS TRICYCLE,1,880000,0,0,880000,880000,Credit Sales,7
10/7/2021,TVS KING TVS TRICYCLE,1,880000,0,0,880000,880000,Transfer,7
10/7/2021,TVS KING TVS TRICYCLE,1,880000,0,0,880000,880000,Cash,7
10/7/2021,RE-4S BAJAJ TRICYCLE,1,815000,0,0,815000,815000,Transfer,7
10/7/2021,RE-4S BAJAJ TRICYCLE,1,815000,0,0,815000,815000,Transfer,7
10/7/2021,RE-4S BAJAJ TRICYCLE,1,815000,0,0,815000,815000,Credit Sales,7
10/7/2021,RE-4S BAJAJ TRICYCLE,1,813000,0,0,0,813000,Others,7
10/7/2021,HLX PLUS TVS MOTORCYCLE,1,275000,0,0,0,275000,Credit Sales,7
10/7/2021,BM-100 BOXER BAJAJ,1,285000,0,285000,0,285000,Cash,7
10/7/2021,HLX PLUS TVS MOTORCYCLE,1,275000,0,0,0,275000,Credit Sales,7
10/7/2021,HLX PLUS TVS MOTORCYCLE,1,277000,0,0,277000,277000,Cash,7
10/7/2021,185/70/14 AUSTONE,2,13000,0,0,0,26000,Transfer,7
10/7/2021,215/60/16 WINDA,2,17500,0,0,0,35000,Transfer,7
10/7/2021,195/65/15 WINDA,2,13500,0,0,0,27000,Transfer,7
10/7/2021,205/60/16 BOTO,2,16500,0,0,0,33000,Transfer,7
10/7/2021,185/70/14 CACHLAND,1,12000,0,0,254000,12000,Transfer,7
10/7/2021,245/45/19 BOTO,2,27000,0,0,0,54000,Transfer,7
10/7/2021,205/65/15 WINDA,2,17300,0,0,297800,34600,Transfer,7
10/7/2021,205/65/15 HABILEAD,2,16500,0,0,0,33000,Cash,7
12/7/2021,BM-100 BOXER BAJAJ,1,285000,0,285000,0,285000,Cash,7
12/7/2021,BM-100 BOXER BAJAJ,1,284000,0,0,0,284000,Credit Sales,7
12/7/2021,HLX PLUS TVS MOTORCYCLE,1,277000,0,120000,157500,277000,Cash,7
12/7/2021,HLX PLUS TVS MOTORCYCLE,1,277000,0,277000,0,277000,Credit Sales,7
12/7/2021,185/70/14 AUSTONE,2,13000,0,0,0,26000,Transfer,7
12/7/2021,205/65/15 WINDA,2,17300,0,0,0,34600,Transfer,7
12/7/2021,185/70/14 WINDA,2,13400,0,55000,119800,26800,Transfer,7
12/7/2021,195/65/15 BOTO,2,13500,0,0,0,27000,Cash,7
12/7/2021,215/60/16 BOTO,2,17000,0,0,0,34000,Cash,7
12/7/2021,205/60/16 BOTO,2,16500,0,0,0,33000,Cash,7
7/13/2021,BM-100 BOXER BAJAJ,1,282000,0,0,282000,282000,Credit Sales,7
7/13/2021,HLX PLUS TVS MOTORCYCLE,1,275000,0,0,0,275000,Cash,7
7/13/2021,HLX PLUS TVS MOTORCYCLE,1,277000,0,277000,0,277000,Credit Sales,7
7/13/2021,205/65/15 BOTO,2,16800,0,0,0,33600,Credit Sales,7
7/13/2021,205/65/15 JOYROAD,2,16500,0,0,0,33000,Credit Sales,7
7/13/2021,185/70/14 CACHLAND,2,12000,0,0,0,24000,Credit Sales,7
7/13/2021,205/65/15 WINDA,1,17300,0,66000,109100,17300,Credit Sales,7
7/13/2021,185/70/14 AUSTONE,2,13000,0,0,0,26000,Transfer,7
7/13/2021,205/65/15 BOTO,2,16800,0,0,145200,33600,Transfer,7
7/13/2021,245/45/18 BOTO,2,23500,0,47000,0,0,Credit Sales,7
7/13/2021,205/65/15 BOTO,2,16800,0,0,0,33600,Transfer,7
7/14/2021,HLX PLUS TVS MOTORCYCLE,1,276000,0,0,0,276000,Credit Sales,7
7/14/2021,BM-100 BOXER BAJAJ,1,285500,0,0,0,285500,Credit Sales,7
7/14/2021,HLX PLUS TVS MOTORCYCLE,1,275000,0,0,0,275000,Credit Sales,7
7/14/2021,205/70/15 WINDA,2,17500,0,0,0,35000,Cash,7
7/14/2021,185/70/14 JOYROAD,2,12200,0,0,0,24400,Cash,7
7/14/2021,205/65/15 WINDA,2,17300,0,188000,0,34600,Cash,7
7/14/2021,185/70/14 AUSTONE,2,13000,0,130000,0,26000,Others,7
7/14/2021,185/70/14 AUSTONE,2,13000,0,52000,0,26000,Cash,7
7/14/2021,185/70/14 CACHLAND,2,12000,0,0,0,24000,Credit Sales,7
7/14/2021,205/65/15 BOTO,2,16800,0,0,0,33600,Credit Sales,7
7/14/2021,185/70/14 AUSTONE,2,13000,0,0,0,26000,Credit Sales,7
7/14/2021,195/60/15 AUSTONE,2,13000,0,115000,97400,26000,Credit Sales,7
7/14/2021,195/65/15 BOTO,2,13500,0,0,189000,27000,Transfer,7
7/15/2021,HLX PLUS TVS MOTORCYCLE,1,275000,0,275000,0,0,Credit Sales,7
7/15/2021,BM-100 BOXER BAJAJ,1,282000,10000,0,0,272000,Cash,7
7/15/2021,185/70/14 AUSTONE,2,13000,0,10000,42000,26000,Cash,7
7/15/2021,185/70/14 AUSTONE,2,13000,0,0,0,26000,Cash,7
7/15/2021,205/65/15 JOYROAD,2,16500,0,0,0,33000,Cash,7
7/15/2021,205/65/15 BOTO,2,16800,0,0,0,33600,Cash,7
7/16/2021,BM-100 BOXER BAJAJ,1,284000,0,284000,0,284000,Cash,7
7/16/2021,HLX PLUS TVS MOTORCYCLE,1,276000,0,0,0,276000,Credit Sales,7
7/16/2021,110-19V JINCHENG LADIES,1,300000,0,0,0,300000,Cash,7
7/16/2021,BM-100 BOXER BAJAJ,1,282000,0,282000,0,282000,Cash,7
7/16/2021,195/65/15 BOTO,2,13500,0,0,0,27000,Cash,7
7/16/2021,205/60/16 BOTO,2,16500,0,115000,86000,33000,Cash,7
7/16/2021,205/60/16 BOTO,2,16500,0,0,0,33000,Cash,7
7/16/2021,215/60/16 BOTO,2,17500,0,0,0,35000,Cash,7
7/16/2021,195/65/15 BOTO,2,13500,0,405000,0,27000,Cash,7
7/16/2021,205/65/15 AUSTONE,2,17500,0,0,0,35000,Cash,7
7/16/2021,185/70/14 ROADX,2,12000,0,94000,0,24000,Cash,7
7/16/2021,185/70/14 ROADX,2,12000,0,24000,0,24000,Credit Sales,7
7/16/2021,195/15C AUSTONE,2,23500,0,0,0,47000,Credit Sales,7
7/16/2021,205/60/16 AUSTONE,2,16500,0,0,0,33000,Credit Sales,7
7/17/2021,BM-100 BOXER BAJAJ,1,287000,0,287000,0,287000,Cash,7
7/17/2021,CAR110-80 CARGO WINNER,1,260000,0,0,0,260000,Credit Sales,7
7/17/2021,HLX PLUS TVS MOTORCYCLE,1,277000,0,277000,0,277000,Cash,7
7/17/2021,110-19 JINCHENG LADIES,1,293000,0,0,3516000,293000,Cash,7
7/17/2021,205/60/16 CACHLAND,2,15500,0,0,0,31000,Cash,7
7/17/2021,185/70/14 CACHLAND,1,12000,0,0,0,12000,Cash,7
7/17/2021,205/65/15 BOTO,2,16800,0,95000,79800,33600,Cash,7
7/17/2021,205/65/15 AUSTONE,2,17500,0,0,0,35000,Cash,7
7/19/2021,BM-100 BOXER BAJAJ,13034,HLX PLUS TVS MOTORCYCLE,1,280000,0,280000,Cash,7
7/19/2021,HLX PLUS TVS MOTORCYCLE,1,276000,0,0,0,276000,Credit Sales,7
7/19/2021,BM-100 BOXER BAJAJ,1,289000,0,289000,0,289000,Cash,7
7/19/2021,110-19V JINCHENG LADIES,1,300000,0,0,0,300000,Credit Sales,7
7/19/2021,110-19V JINCHENG LADIES,1,300000,0,0,0,300000,Credit Sales,7
7/19/2021,195/65/15 BOTO,2,13500,0,0,0,27000,Cash,7
7/19/2021,215/60/16 AUSTONE,2,18000,0,0,0,36000,Cash,7
7/19/2021,205/60/16 AUSTONE,2,16500,0,135000,207000,33000,Cash,7
7/19/2021,195/60/15 BOTO,2,13000,0,0,0,26000,Cash,7
7/19/2021,195/65/15 BOTO,2,13500,0,0,0,27000,Cash,7
7/19/2021,195/60/15 AUSTONE,2,13000,0,0,0,26000,Transfer,7
7/19/2021,215/60/16 BOTO,2,17500,0,0,0,35000,Transfer,7
7/19/2021,185/70/14 AUSTONE,2,13000,0,0,0,26000,Transfer,7
7/20/2021,CR-100 CARGO CRUISER,1,240000,0,0,0,240000,Credit Sales,7
7/20/2021,HLX PLUS TVS MOTORCYCLE,1,276000,0,0,0,276000,Credit Sales,7
7/20/2021,185/70/14 HABILEAD,2,12000,0,0,0,24000,Cash,7
7/20/2021,205/65/15 CACHLAND,2,16500,0,0,0,33000,Cash,7
7/20/2021,185/70/14 AUSTONE,2,13000,0,0,0,26000,Cash,7
7/20/2021,185/70/14 ROADX,2,12000,0,0,0,24000,Cash,7
7/20/2021,245/40/20 HABILEAD,2,28000,0,0,0,56000,Cash,7
7/20/2021,205/65/15 BOTO,2,16800,0,541200,0,33600,Cash,7
7/20/2021,205/65/15 BOTO,2,16800,0,33600,0,33600,Cash,7
7/20/2021,225/70/16 ROADX,2,22000,0,0,0,44000,Credit Sales,7
7/20/2021,205/65/15 AUSTONE,2,17500,0,0,0,35000,Credit Sales,7
7/20/2021,215/55/17 CACHLAND,2,18000,0,80000,150000,36000,Credit Sales,7
7/21/2021,BM-100 BOXER BAJAJ,1,287000,0,0,0,287000,Credit Sales,7
7/21/2021,BM-100 BOXER BAJAJ,1,285000,0,0,0,285000,Cash,7
7/21/2021,185/70/14 CACHLAND,3,12000,0,0,0,36000,Transfer,7
7/21/2021,185/70/14 JOYROAD,3,12000,0,0,0,36000,Transfer,7
7/21/2021,185/70/14 ROADX,2,12000,0,28500,67500,24000,Transfer,7
7/21/2021,205/65/15 JOYROAD,2,16500,0,0,0,33000,Cash,7
7/22/2021,RE-4S BAJAJ TRICYCLE,1,815000,0,15000,800000,815000,Cash,7
7/22/2021,TVS KING TVS TRICYCLE,1,900000,0,2000,900000,900000,Cash,7
7/22/2021,TVS KING TVS TRICYCLE,1,890000,0,0,890000,890000,Others,7
7/22/2021,TVS KING TVS TRICYCLE,1,890000,0,0,0,890000,Others,7
7/22/2021,TVS KING TVS TRICYCLE,1,890000,0,0,0,890000,Others,7
7/22/2021,TVS KING TVS TRICYCLE,1,890000,1500,0,0,888500,Cash,7
7/22/2021,TVS KING TVS TRICYCLE,1,900000,0,900000,0,900000,Cash,7
7/22/2021,RE-4S BAJAJ TRICYCLE,1,820000,0,0,820000,820000,Transfer,7
7/22/2021,RE-4S BAJAJ TRICYCLE,1,820000,0,0,820000,820000,Cash,7
7/22/2021,TVS KING TVS TRICYCLE,1,895000,0,895000,0,895000,Others,7
7/22/2021,HLX PLUS TVS MOTORCYCLE,1,277000,0,0,0,277000,Credit Sales,7
7/22/2021,HLX PLUS TVS MOTORCYCLE,1,277000,0,0,0,277000,Transfer,7
7/22/2021,205/65/15 HABILEAD,3,16500,0,0,0,49500,Credit Sales,7
7/22/2021,185/70/14 WINDA,3,13400,0,0,0,40200,Credit Sales,7
7/22/2021,205/65/15 WINDA,1,17300,0,0,0,17300,Credit Sales,7
7/22/2021,185/70/14 BOTO,2,13000,0,0,0,26000,Credit Sales,7
7/23/2021,BM-100 BOXER BAJAJ,1,288000,0,0,0,288000,Credit Sales,7
7/23/2021,BM-100 BOXER BAJAJ,1,286500,0,0,0,286500,Credit Sales,7
7/23/2021,HLX PLUS TVS MOTORCYCLE,1,276000,0,0,0,276000,Credit Sales,7
7/23/2021,205/65/15 WINDA,2,17300,0,69200,0,34600,Cash,7
7/23/2021,225/70/16 ROADX,2,22000,0,0,0,44000,Cash,7
7/23/2021,205/65/15 WINDA,2,17300,0,0,0,34600,Cash,7
7/23/2021,205/65/15 CACHLAND,2,16500,0,100000,185600,33000,Cash,7
7/24/2021,HLX PLUS TVS MOTORCYCLE,1,278000,0,278000,0,278000,Cash,7
7/24/2021,HLX PLUS TVS MOTORCYCLE,1,278000,0,0,278000,278000,Cash,7
7/24/2021,155/12C SUNFULL,2,10000,0,0,40000,20000,Cash,7
7/24/2021,265/60/18 ROADX,2,30000,0,0,0,60000,Transfer,7
7/24/2021,205/65/15 WINDA,2,17300,0,0,0,34600,Transfer,7
7/24/2021,205/65/15 BOTO,3,16800,0,50000,95000,50400,Transfer,7
7/26/2021,BM-100 BOXER BAJAJ,1,285000,0,0,0,285000,Credit Sales,7
7/26/2021,HLX PLUS TVS MOTORCYCLE,1,277000,0,0,0,277000,Credit Sales,7
7/26/2021,HLX PLUS TVS MOTORCYCLE,1,278000,0,278000,0,278000,Cash,7
7/26/2021,205/65/15 JOYROAD,2,16500,0,0,0,33000,Cash,7
7/26/2021,185/70/14 JOYROAD,3,12000,0,0,0,36000,Cash,7
7/26/2021,205/65/15 HABILEAD,2,16500,0,49400,118600,33000,Cash,7
7/26/2021,185/70/14 BOTO,2,12800,0,0,0,25600,Cash,7
7/26/2021,195/65/15 BOTO,2,13800,0,0,0,27600,Cash,7
7/26/2021,205/65/15 BOTO,2,17000,0,0,0,34000,Cash,7
7/27/2021,HLX PLUS TVS MOTORCYCLE,1,280000,0,280000,0,280000,Cash,7
7/27/2021,BM-100 BOXER BAJAJ,1,285000,0,0,0,285000,Credit Sales,7
7/27/2021,215/60/16 AUSTONE,2,18000,0,0,0,36000,Cash,7
7/27/2021,205/60/16 AUSTONE,2,16500,0,0,0,33000,Credit Sales,7
7/27/2021,195/65/15 WINDA,2,13500,0,0,0,27000,Credit Sales,7
7/27/2021,195/65/15 BOTO,1,13500,0,181500,51000,13500,Credit Sales,7
7/28/2021,205/65/15 BOTO,2,16800,0,0,0,33600,Transfer,7
7/28/2021,185/70/14 ROADX,2,12000,0,0,0,24000,Transfer,7
7/28/2021,205/65/15 JOYROAD,2,16500,0,0,0,33000,Transfer,7
7/28/2021,185/70/14 BOTO,2,13000,0,0,174200,26000,Transfer,7
7/28/2021,205/65/15 JOYROAD,2,16500,0,0,0,33000,Cash,7
7/28/2021,205/65/15 WINDA,2,17300,0,0,0,34600,Cash,7
7/29/2021,HLX PLUS TVS MOTORCYCLE,1,277000,0,0,0,277000,Credit Sales,7
7/29/2021,HLX PLUS TVS MOTORCYCLE,1,277000,0,0,0,277000,Credit Sales,7
7/29/2021,HLX PLUS TVS MOTORCYCLE,1,277000,0,0,0,277000,Credit Sales,7
7/30/2021,HLX PLUS TVS MOTORCYCLE,1,278000,0,0,0,278000,Credit Sales,7
7/30/2021,HLX PLUS TVS MOTORCYCLE,1,277000,0,0,0,277000,Credit Sales,7
7/30/2021,HLX PLUS TVS MOTORCYCLE,1,280000,0,280000,0,280000,Cash,7
7/30/2021,265/60/18 ROADX,2,31000,0,124000,0,62000,Cash,7
7/30/2021,195/60/15 BOTO,2,13300,0,206000,400000,26600,Cash,7
7/31/2021,HLX PLUS TVS MOTORCYCLE,1,277000,0,0,0,277000,Credit Sales,7
7/31/2021,BM-100 BOXER BAJAJ,1,295000,0,0,295000,295000,Cash,7
7/31/2021,110-19V JINCHENG LADIES,1,304000,0,304000,0,304000,Cash,7
7/31/2021,HLX PLUS TVS MOTORCYCLE,1,277000,0,0,0,277000,Credit Sales,7
7/31/2021,205/65/15 WINDA,2,17300,0,34600,0,34600,Transfer,7
7/31/2021,225/70/16 ROADX,2,22500,0,0,0,45000,Cash,7
7/31/2021,205/65/15 JOYROAD,2,16600,0,0,0,33200,Cash,7
7/31/2021,205/60/16 CACHLAND,2,16000,0,0,0,32000,Cash,7
2/8/2021,HLX PLUS TVS MOTORCYCLE,1,278000,0,0,0,278000,Credit Sales,8
2/8/2021,BM-100 BOXER BAJAJ,1,287000,50000,0,0,237000,Credit Sales,8
2/8/2021,HLX PLUS TVS MOTORCYCLE,1,278000,0,0,0,278000,Cash,8
2/8/2021,205/60/16 AUSTONE,2,17000,0,0,0,34000,Transfer,8
2/8/2021,215/60/16 AUSTONE,2,18300,0,0,0,36600,Transfer,8
2/8/2021,205/65/15 BOTO,2,17200,0,0,0,34400,Transfer,8
2/8/2021,205/70/15 ROADX,2,17500,0,150000,205200,35000,Transfer,8
2/8/2021,215/60/16 AUSTONE,2,18300,0,0,0,36600,Credit Sales,8
2/8/2021,205/65/15 JOYROAD,3,16600,0,0,0,49800,Credit Sales,8
3/8/2021,110-19V JINCHENG LADIES,1,303000,0,0,0,303000,Credit Sales,8
3/8/2021,BM-100 BOXER BAJAJ,1,289000,0,0,0,289000,Credit Sales,8
3/8/2021,HLX PLUS TVS MOTORCYCLE,1,280000,0,0,0,280000,Credit Sales,8
3/8/2021,BM-100 BOXER BAJAJ,1,286500,0,0,0,286500,Credit Sales,8
3/8/2021,HLX PLUS TVS MOTORCYCLE,1,280000,0,0,0,280000,Cash,8
3/8/2021,205/65/15 JOYROAD,2,16600,0,0,0,33200,Credit Sales,8
3/8/2021,245/45/18 BOTO,2,24000,0,0,0,48000,Credit Sales,8
3/8/2021,185/70/14 BOTO,1,13200,0,0,0,13200,Credit Sales,8
3/8/2021,225/70/16 ROADX,2,22500,0,8000,179300,45000,Credit Sales,8
4/8/2021,HLX PLUS TVS MOTORCYCLE,1,280000,0,0,0,280000,Credit Sales,8
4/8/2021,HLX PLUS TVS MOTORCYCLE,1,280000,0,0,0,280000,Credit Sales,8
4/8/2021,BM-100 BOXER BAJAJ,1,290000,0,0,0,290000,Credit Sales,8
4/8/2021,185/70/14 BOTO,2,13200,0,0,0,26400,Credit Sales,8
4/8/2021,185/70/14 ROADX,2,12300,0,0,0,24600,Credit Sales,8
4/8/2021,195/65/15 BOTO,2,13700,0,0,0,27400,Credit Sales,8
4/8/2021,215/60/16 BOTO,2,17800,0,0,0,35600,Credit Sales,8
4/8/2021,205/60/16 BOTO,2,16800,0,0,0,33600,Credit Sales,8
4/8/2021,225/45/18 BOTO,2,20000,0,0,0,40000,Credit Sales,8
4/8/2021,265/60/18 ROADX,2,30000,0,480000,234900,60000,Credit Sales,8
4/8/2021,215/55/17 BOTO,2,18500,0,0,0,37000,Credit Sales,8
5/8/2021,BM-100 BOXER BAJAJ,1,288000,0,288000,0,288000,Transfer,8
5/8/2021,BM-100 BOXER BAJAJ,1,290000,0,0,0,290000,Credit Sales,8
5/8/2021,BM-100 BOXER BAJAJ,1,287500,0,0,0,287500,Credit Sales,8
5/8/2021,BM-100 BOXER BAJAJ,1,286500,0,0,0,286500,Credit Sales,8
5/8/2021,185/70/14 BOTO,2,13000,0,0,0,26000,Others,8
5/8/2021,195/60/15 BOTO,2,13200,0,0,0,26400,Others,8
5/8/2021,195/65/15 BOTO,2,13500,0,0,0,27000,Others,8
5/8/2021,205/65/15 BOTO,2,17000,0,0,0,34000,Others,8
5/8/2021,215/60/16 BOTO,2,17500,0,0,0,35000,Others,8
5/8/2021,205/60/16 BOTO,2,16500,0,0,0,33000,Others,8
5/8/2021,215/55/17 BOTO,2,18500,0,0,0,37000,Others,8
5/8/2021,225/50/17 BOTO,2,18500,0,0,0,37000,Others,8
5/8/2021,225/65/17 BOTO,2,23000,0,0,0,46000,Others,8
5/8/2021,205/65/15 WINDA,2,17000,0,0,0,34000,Others,8
6/8/2021,BM-100 BOXER BAJAJ,1,290000,0,0,0,290000,Credit Sales,8
6/8/2021,HLX PLUS TVS MOTORCYCLE,1,280000,0,0,0,280000,Credit Sales,8
6/8/2021,110-19V JINCHENG LADIES,1,303000,0,0,0,303000,Transfer,8
6/8/2021,BM-100 BOXER BAJAJ,1,286500,0,0,0,286500,Others,8
6/8/2021,HLX PLUS TVS MOTORCYCLE,1,280000,0,0,0,280000,Others,8
6/8/2021,225/65/17 BOTO,2,23500,0,0,0,47000,Cash,8
6/8/2021,225/50/17 BOTO,2,19000,0,0,0,38000,Cash,8
6/8/2021,205/65/15 BOTO,2,17200,0,0,0,34400,Cash,8
6/8/2021,215/60/16 BOTO,2,17800,0,60000,284900,35600,Cash,8
7/8/2021,HLX PLUS TVS MOTORCYCLE,1,281000,0,0,0,281000,Credit Sales,8
7/8/2021,BM-100 BOXER BAJAJ,1,286500,0,0,0,286500,Credit Sales,8
7/8/2021,110-19V JINCHENG LADIES,1,303000,0,0,0,303000,Credit Sales,8
7/8/2021,110-19 JINCHENG LADIES,1,295000,0,0,0,295000,Credit Sales,8
9/8/2021,HLX PLUS TVS MOTORCYCLE,1,280000,0,0,0,280000,Credit Sales,8
9/8/2021,D-125 TWINCO CG,1,260000,0,0,0,260000,Credit Sales,8
9/8/2021,BM-100 BOXER BAJAJ,1,288000,0,288000,0,288000,Cash,8
9/8/2021,BM-100 BOXER BAJAJ,1,286500,0,0,0,286500,Credit Sales,8
9/8/2021,HLX PLUS TVS MOTORCYCLE,1,282000,0,0,0,282000,Credit Sales,8
9/8/2021,225/70/16 ROADX,2,21500,0,0,215000,43000,Others,8
9/8/2021,205/65/15 WINDA,2,17300,0,0,0,34600,Cash,8
9/8/2021,215/60/16 BOTO,3,17800,0,0,0,53400,Cash,8
9/8/2021,205/65/15 BOTO,3,17200,0,0,0,51600,Cash,8
10/8/2021,BM-100 BOXER BAJAJ,1,286500,0,0,0,286500,Credit Sales,8
10/8/2021,BM-100 BOXER BAJAJ,1,293000,0,293000,0,293000,Cash,8
10/8/2021,HLX PLUS TVS MOTORCYCLE,1,280000,0,0,0,280000,Cash,8
10/8/2021,HLX PLUS TVS MOTORCYCLE,1,280000,0,0,0,280000,Transfer,8
10/8/2021,205/65/15 HABILEAD,2,16500,0,0,0,33000,Credit Sales,8
10/8/2021,185/70/14 BOTO,2,13100,0,0,0,26200,Credit Sales,8
11/8/2021,110-19V JINCHENG LADIES,1,303000,0,0,0,303000,Credit Sales,8
11/8/2021,HLX PLUS TVS MOTORCYCLE,1,280000,0,0,0,280000,Credit Sales,8
11/8/2021,185/70/14 AUSTONE,2,13000,0,0,0,26000,Transfer,8
11/8/2021,185/70/14 BOTO,2,13000,0,0,0,26000,Others,8
12/8/2021,BM-100 BOXER BAJAJ,1,290000,0,0,290000,290000,Transfer,8
12/8/2021,HLX PLUS TVS MOTORCYCLE,1,282000,0,0,282000,282000,Cash,8
12/8/2021,185/70/14 BOTO,2,13000,0,0,0,26000,Credit Sales,8
12/8/2021,185/70/14 AUSTONE,2,13000,0,0,0,26000,Credit Sales,8
12/8/2021,205/65/15 CACHLAND,3,16500,0,70000,57500,49500,Credit Sales,8
12/8/2021,245/40/18 JOYROAD,2,22000,0,0,0,44000,Transfer,8
8/13/2021,BM-100 BOXER BAJAJ,1,288000,0,0,0,288000,Credit Sales,8
8/13/2021,BM-100 BOXER BAJAJ,1,291500,0,0,0,291500,Credit Sales,8
8/13/2021,BM-100 BOXER BAJAJ,1,287000,0,0,0,287000,Credit Sales,8
8/13/2021,HLX PLUS TVS MOTORCYCLE,1,280000,0,0,0,280000,Credit Sales,8
8/13/2021,215/60/16 CACHLAND,2,17000,0,0,0,34000,Cash,8
8/13/2021,195/65/15 AUSTONE,2,14000,0,0,0,28000,Cash,8
8/14/2021,BM-100 BOXER BAJAJ,1,288000,0,288000,0,288000,Cash,8
8/14/2021,HLX PLUS TVS MOTORCYCLE,1,282000,0,282000,0,282000,Others,8
8/14/2021,BM-100 BOXER BAJAJ,1,289000,0,0,0,289000,Credit Sales,8
8/14/2021,BM-100 BOXER BAJAJ,1,287000,0,0,0,287000,Credit Sales,8
8/14/2021,BM-100 BOXER BAJAJ,1,287000,0,0,0,287000,Credit Sales,8
8/14/2021,185/70/14 AUSTONE,2,13000,0,0,0,26000,Transfer,8
8/14/2021,185/70/14 BOTO,2,13000,0,104000,0,26000,Others,8
8/14/2021,205/65/15 BOTO,2,17000,0,0,0,34000,Cheque,8
8/14/2021,205/65/15 CACHLAND,2,16500,0,0,0,33000,Cheque,8
8/14/2021,185/70/14 BOTO,2,13000,0,120000,32000,26000,Cheque,8
8/14/2021,205/60/16 ZEXTOUR,2,16000,0,0,0,32000,Transfer,8
8/14/2021,215/65/16 ZEXTOUR,2,16800,0,0,0,33600,Transfer,8
8/14/2021,225/50/17 ZEXTOUR,2,18000,0,0,0,36000,Transfer,8
8/14/2021,225/55/17 ZEXTOUR,2,18400,0,0,0,36800,Transfer,8
8/14/2021,255/70/15 AUSTONE,2,30500,0,0,0,61000,Transfer,8
8/16/2021,RE-4S BAJAJ TRICYCLE,1,848000,0,0,0,848000,Others,8
8/16/2021,RE-4S BAJAJ TRICYCLE,1,848000,0,0,0,848000,Others,8
8/16/2021,RE-4S BAJAJ TRICYCLE,1,848000,0,0,0,848000,Others,8
8/16/2021,RE-4S BAJAJ TRICYCLE,1,848000,0,0,0,848000,Cash,8
8/16/2021,TVS KING TVS TRICYCLE,1,930000,0,0,930000,930000,Others,8
8/16/2021,TVS KING TVS TRICYCLE,1,930000,0,0,930000,930000,Transfer,8
8/16/2021,TVS KING TVS TRICYCLE,1,930000,0,0,930000,930000,Transfer,8
8/16/2021,TVS KING TVS TRICYCLE,1,930000,0,0,930000,930000,Transfer,8
8/16/2021,TVS KING TVS TRICYCLE,1,930000,0,0,930000,930000,Transfer,8
8/16/2021,TVS KING TVS TRICYCLE,1,930000,0,0,930000,930000,Credit Sales,8
8/16/2021,BM-100 BOXER BAJAJ,1,291500,0,0,0,291500,Credit Sales,8
8/16/2021,HLX PLUS TVS MOTORCYCLE,1,280000,0,0,0,280000,Credit Sales,8
8/16/2021,110-19V JINCHENG LADIES,1,303000,0,0,0,303000,Credit Sales,8
8/16/2021,185/65/15 BOTO,2,13500,0,0,189000,27000,Credit Sales,8
8/16/2021,225/50/17 ZEXTOUR,2,18000,0,0,0,36000,Transfer,8
8/16/2021,225/55/17 ZEXTOUR,2,18400,0,0,0,36800,Transfer,8
8/16/2021,225/45/17 ZEXTOUR,2,18000,0,0,0,36000,Transfer,8
8/16/2021,215/60/16 ZEXTOUR,2,17300,0,0,0,34600,Transfer,8
8/16/2021,205/60/16 ZEXTOUR,2,16000,0,0,0,32000,Transfer,8
8/17/2021,HLX PLUS TVS MOTORCYCLE,1,280000,0,0,0,280000,Credit Sales,8
8/17/2021,BM-100 BOXER BAJAJ,1,288000,0,288000,0,288000,Cash,8
8/17/2021,BM-100 BOXER BAJAJ,1,287000,0,0,0,287000,Credit Sales,8
8/17/2021,225/65/17 BOTO,2,23500,0,0,0,47000,Cash,8
8/17/2021,225/45/17 CACHLAND,2,18000,0,0,0,36000,Cash,8
8/17/2021,245/40/17 CACHLAND,2,19000,0,0,0,38000,Cash,8
8/17/2021,225/70/16 CACHLAND,2,22000,0,0,0,44000,Cash,8
8/17/2021,205/60/16 ZEXTOUR,2,16000,0,0,0,32000,Cash,8
8/17/2021,225/45/17 ZEXTOUR,2,18000,0,0,0,36000,Cash,8
8/18/2021,TVS KING TVS TRICYCLE,1,940000,0,0,940000,940000,Transfer,8
8/18/2021,TVS KING TVS TRICYCLE,1,940000,0,0,0,940000,Others,8
8/18/2021,TVS KING TVS TRICYCLE,1,940000,0,0,0,940000,Others,8
8/18/2021,TVS KING TVS TRICYCLE,1,940000,0,0,0,940000,Others,8
8/18/2021,TVS KING TVS TRICYCLE,1,940000,0,0,0,940000,Others,8
8/18/2021,TVS KING TVS TRICYCLE,1,940000,0,0,0,940000,Cash,8
8/18/2021,TVS KING TVS TRICYCLE,1,940000,0,0,0,940000,Cash,8
8/18/2021,TVS KING TVS TRICYCLE,1,940000,0,0,0,940000,Cash,8
8/18/2021,TVS KING TVS TRICYCLE,1,940000,0,0,0,940000,Cash,8
8/18/2021,TVS KING TVS TRICYCLE,1,940000,0,0,0,940000,Transfer,8
8/18/2021,HLX PLUS TVS MOTORCYCLE,1,280000,0,0,0,280000,Credit Sales,8
8/18/2021,HLX PLUS TVS MOTORCYCLE,1,280000,0,0,0,280000,Credit Sales,8
8/18/2021,110-19V JINCHENG LADIES,1,303000,0,0,0,303000,Transfer,8
8/18/2021,HLX PLUS TVS MOTORCYCLE,1,282000,0,0,282000,282000,Cash,8
8/18/2021,215/60/16 CACHLAND,2,17000,0,0,0,34000,Cash,8
8/18/2021,205/60/16 CACHLAND,2,16000,0,0,0,32000,Cash,8
8/18/2021,185/70/14 AUSTONE,2,13000,0,0,0,26000,Cash,8
8/18/2021,205/65/15 ZEXTOUR,1,16500,0,0,0,16500,Cash,8
8/19/2021,110-19V JINCHENG LADIES,1,303000,0,0,0,303000,Credit Sales,8
8/19/2021,BM-100 BOXER BAJAJ,1,288000,0,0,0,288000,Cash,8
8/19/2021,BM-100 BOXER BAJAJ,1,287000,0,0,0,287000,Cash,8
8/19/2021,110-19V JINCHENG LADIES,1,303000,0,0,0,303000,Cash,8
8/19/2021,205/65/15 CACHLAND,3,16500,0,0,0,49500,Credit Sales,8
8/19/2021,185/14C ONYX,3,16500,0,49500,0,49500,Transfer,8
8/19/2021,205/65/15 CACHLAND,2,16400,0,164000,0,32800,Cash,8
8/19/2021,215/60/16 AUSTONE,2,18000,0,72000,0,36000,Transfer,8
8/20/2021,HLX PLUS TVS MOTORCYCLE,1,287000,0,287000,0,287000,Cash,8
8/20/2021,BM-100 BOXER BAJAJ,1,290000,0,290000,0,290000,Cash,8
8/20/2021,195/65/15 CACHLAND,0,14000,0,0,0,0,Others,8
8/20/2021,185/70/14 CACHLAND,0,12000,0,0,0,0,Others,8
8/20/2021,195/65/15 CACHLAND,2,14000,0,0,0,28000,Others,8
8/20/2021,185/70/14 CACHLAND,2,12000,0,0,0,24000,Others,8
8/20/2021,205/65/15 ZEXTOUR,2,16500,0,0,0,33000,Transfer,8
8/20/2021,215/60/16 CACHLAND,2,17000,0,0,0,34000,Others,8
8/21/2021,BM-100 BOXER BAJAJ,1,288000,0,0,0,288000,Credit Sales,8
8/21/2021,BM-100 BOXER BAJAJ,1,292000,0,0,0,292000,Cash,8
8/21/2021,BM-100 BOXER BAJAJ,1,288000,0,0,2028000,288000,Cash,8
8/21/2021,BM-100 BOXER BAJAJ,1,288000,0,0,0,288000,Transfer,8
8/21/2021,205/60/16 ZEXTOUR,2,16000,0,0,0,32000,Transfer,8
8/21/2021,185/70/14 BOTO,2,13000,0,25000,187000,26000,Transfer,8
8/23/2021,BM-100 BOXER BAJAJ,1,288000,0,0,0,288000,Credit Sales,8
8/23/2021,BM-100 BOXER BAJAJ,1,288000,0,0,0,288000,Credit Sales,8
8/23/2021,BM-100 BOXER BAJAJ,1,295000,0,295000,0,295000,Cash,8
8/23/2021,225/65/17 CACHLAND,2,22000,0,0,0,44000,Others,8
8/23/2021,195/15C AUSTONE,2,23500,0,0,0,47000,Cash,8
8/23/2021,215/60/16 CACHLAND,2,17000,0,0,0,34000,Cash,8
8/23/2021,205/65/15 CACHLAND,1,16500,0,84500,0,16500,Cash,8
8/24/2021,BM-100 BOXER BAJAJ,1,288000,0,0,0,288000,Credit Sales,8
8/24/2021,BM-100 BOXER BAJAJ,1,288000,0,0,0,288000,Transfer,8
8/24/2021,BM-100 BOXER BAJAJ,1,297000,0,297000,0,297000,Credit Sales,8
8/24/2021,BM-100 BOXER BAJAJ,1,289000,0,0,0,289000,Transfer,8
8/24/2021,BM-100 BOXER BAJAJ,1,294000,0,294000,0,294000,Cash,8
8/24/2021,155/12C LONGWAY,1,10500,0,10500,0,10500,Cash,8
8/24/2021,215/60/16 CACHLAND,2,17000,0,0,68000,34000,Transfer,8
8/24/2021,215/60/16 ZEXTOUR,2,17300,0,0,0,34600,Cash,8
8/24/2021,185/70/14 AUSTONE,2,13000,0,0,0,26000,Cash,8
8/24/2021,185/70/14 BOTO,2,13000,0,0,233800,26000,Cash,8
8/24/2021,215/60/16 CACHLAND,2,16800,0,0,0,33600,Credit Sales,8
8/24/2021,205/60/16 CACHLAND,2,15800,0,26200,120000,31600,Credit Sales,8
8/24/2021,205/60/16 ZEXTOUR,2,16000,0,0,0,32000,Transfer,8
8/24/2021,195/65/15 CACHLAND,1,14000,0,119500,6500,14000,Transfer,8
8/24/2021,205/65/15 ZEXTOUR,2,16500,0,0,0,33000,Transfer,8
8/25/2021,BM-100 BOXER BAJAJ,1,292000,0,292000,0,292000,Cash,8
8/25/2021,BM-100 BOXER BAJAJ,1,288000,0,0,0,288000,Credit Sales,8
8/25/2021,HLX PLUS TVS MOTORCYCLE,1,287000,0,0,287000,287000,Cash,8
8/25/2021,BM-100 BOXER BAJAJ,1,288000,0,1000,287000,288000,Credit Sales,8
8/25/2021,225/65/17 AUSTONE,2,24500,0,0,0,49000,Credit Sales,8
8/25/2021,205/65/15 BOTO,3,17000,0,0,0,51000,Cash,8
8/25/2021,205/65/15 ZEXTOUR,2,16500,0,0,0,33000,Cash,8
8/25/2021,205/60/16 ZEXTOUR,3,16000,0,40000,125000,48000,Cash,8
8/26/2021,BM-100 BOXER BAJAJ,1,288000,0,0,0,288000,Credit Sales,8
8/26/2021,BM-100 BOXER BAJAJ,1,288000,0,0,0,288000,Credit Sales,8
8/26/2021,BM-100 BOXER BAJAJ,1,288000,0,0,0,288000,Credit Sales,8
8/26/2021,195/65/15 CACHLAND,2,14000,0,0,0,28000,Transfer,8
8/26/2021,215/60/16 ZEXTOUR,2,17000,0,0,0,34000,Transfer,8
8/27/2021,HLX PLUS TVS MOTORCYCLE,1,284000,0,0,0,284000,Credit Sales,8
8/27/2021,BM-100 BOXER BAJAJ,1,290000,0,290000,0,290000,Cash,8
8/27/2021,110-19V JINCHENG LADIES,1,303000,0,0,0,303000,Credit Sales,8
8/27/2021,HLX PLUS TVS MOTORCYCLE,1,287000,0,0,287000,287000,Credit Sales,8
8/27/2021,HLX PLUS TVS MOTORCYCLE,1,284000,0,0,0,284000,Others,8
8/27/2021,205/65/15 CACHLAND,2,16500,0,0,99000,33000,Transfer,8
8/27/2021,225/65/17 RAPID,2,23000,0,0,0,46000,Credit Sales,8
8/27/2021,195/65/15 CACHLAND,2,14000,0,0,0,28000,Credit Sales,8
8/27/2021,215/60/16 CACHLAND,2,17000,0,0,0,34000,Credit Sales,8
8/27/2021,225/45/17 CACHLAND,2,17500,0,0,0,35000,Credit Sales,8
8/27/2021,225/50/17 CACHLAND,2,18000,0,0,0,36000,Credit Sales,8
8/27/2021,225/55/17 CACHLAND,2,18500,0,0,0,37000,Credit Sales,8
8/27/2021,225/65/17 CACHLAND,2,22500,0,0,0,45000,Credit Sales,8
8/27/2021,205/60/16 AUSTONE,2,18000,0,0,0,36000,Credit Sales,8
8/27/2021,255/70/15 AUSTONE,2,30500,0,0,0,61000,Credit Sales,8
8/28/2021,HLX PLUS TVS MOTORCYCLE,1,284000,0,0,0,284000,Credit Sales,8
8/28/2021,110-19 JINCHENG LADIES,1,295000,0,0,0,295000,Credit Sales,8
8/28/2021,110-19 JINCHENG LADIES,1,295000,0,295000,0,295000,Cash,8
8/28/2021,185/70/14 AUSTONE,2,13000,0,0,325000,26000,Others,8
8/28/2021,205/65/15 BOTO,3,17000,0,0,0,51000,Others,8
8/28/2021,185/70/14 BOTO,2,13000,0,0,0,26000,Others,8
8/28/2021,195/65/15 GREENLANDER,2,14000,0,150000,180000,28000,Others,8
8/28/2021,195/65/15 CACHLAND,2,14000,0,0,140000,28000,Transfer,8
8/28/2021,205/65/15 BOTO,2,17300,0,0,0,34600,Cash,8
8/28/2021,195/65/15 WINDA,2,14500,0,0,0,29000,Cash,8
8/28/2021,215/60/16 WINDA,2,18000,0,0,0,36000,Cash,8
8/30/2021,HLX PLUS TVS MOTORCYCLE,1,285000,0,285000,285000,0,Cash,8
8/30/2021,BM-100 BOXER BAJAJ,1,292500,0,0,0,292500,Transfer,8
8/30/2021,205/65/15 BOTO,2,17000,0,0,0,34000,Cash,8
8/30/2021,185/70/14 CACHLAND,2,12000,0,0,0,24000,Cash,8
8/30/2021,205/60/16 ZEXTOUR,2,16000,0,0,0,32000,Cash,8
8/30/2021,195/15C AUSTONE,2,23500,0,170000,162000,47000,Cash,8
8/30/2021,315/80/22.5 GT831 GLADSTONE,2,87000,0,422000,100000,174000,Transfer,8
8/30/2021,315/80/22.5 GL905 GALLANT,2,90000,0,0,180000,180000,Cash,8
8/30/2021,315/80/22.5 GT831 GLADSTONE,2,86500,0,0,0,173000,Others,8
8/30/2021,12.00R20 GT831 GLADSTONE,2,114500,0,0,0,229000,Cash,8
8/30/2021,315/80/22.5 GT817 GLADSTONE,2,87000,0,422000,100000,174000,Transfer,8
8/30/2021,315/80/22.5 AT103 AUSTONE,2,120000,0,0,2400000,240000,Cash,8
8/30/2021,315/80/22.5 GT831 GLADSTONE,2,87000,0,0,0,174000,Others,8
8/30/2021,315/80/22.5 GT817 GLADSTONE,2,87000,0,174000,0,0,Cash,8
8/30/2021,315/80/22.5 GT831 GLADSTONE,2,87000,0,10500,1816500,174000,Cash,8
8/30/2021,315/80/22.5 GT817 GLADSTONE,2,87000,0,0,348000,174000,Cash,8
8/31/2021,HLX PLUS TVS MOTORCYCLE,1,284000,0,0,0,284000,Credit Sales,8
8/31/2021,BM-100 BOXER BAJAJ,1,288500,0,0,0,288500,Credit Sales,8
8/31/2021,BM-100 BOXER BAJAJ,1,295000,0,0,295000,295000,Cash,8
8/31/2021,205/65/15 BOTO,2,17000,0,0,0,34000,Credit Sales,8
8/31/2021,195/65/15 RAPID,2,14000,0,0,0,28000,Credit Sales,8
8/31/2021,205/60/16 ZEXTOUR,2,16000,0,0,0,32000,Credit Sales,8
8/31/2021,215/60/16 ZEXTOUR,2,17300,0,0,0,34600,Credit Sales,8
8/31/2021,195/15C AUSTONE,1,23500,0,170700,430000,23500,Credit Sales,8
8/31/2021,215/60/16 AUSTONE,2,19000,0,0,0,38000,Transfer,8
1/9/2021,BM-100 BOXER BAJAJ,1,288500,0,288500,0,288500,Credit Sales,9
1/9/2021,BM-100 BOXER BAJAJ,1,293500,0,0,0,293500,Credit Sales,9
1/9/2021,BM-100 BOXER BAJAJ,1,293500,0,0,0,293500,Credit Sales,9
1/9/2021,215/60/16 CACHLAND,2,17000,0,0,0,34000,Transfer,9
1/9/2021,205/65/15 ROADX,2,16500,0,0,0,33000,Transfer,9
1/9/2021,185/70/14 BOTO,2,13000,0,0,212000,26000,Transfer,9
1/9/2021,185/70/14 WINDA,2,13500,0,0,0,27000,Others,9
1/9/2021,225/60/16 RAPID,2,18500,0,0,0,37000,Others,9
1/9/2021,215/65/16 RAPID,2,18500,0,0,0,37000,Others,9
2/9/2021,BM-100 BOXER BAJAJ,1,293500,0,0,0,293500,Credit Sales,9
2/9/2021,BM-100 BOXER BAJAJ,1,295000,0,295000,0,295000,Cash,9
2/9/2021,205/55/16 BOTO,2,17000,0,0,0,34000,Others,9
2/9/2021,195/70/14 WINDA,1,16500,0,16500,0,16500,Cash,9
3/9/2021,110-19V JINCHENG LADIES,1,303000,0,0,0,303000,Credit Sales,9
3/9/2021,110-19 JINCHENG LADIES,1,295000,0,0,0,295000,Credit Sales,9
3/9/2021,BM-100 BOXER BAJAJ,1,299000,0,0,0,299000,Credit Sales,9
3/9/2021,BM-100 BOXER BAJAJ,1,296000,0,0,0,296000,Credit Sales,9
3/9/2021,HLX PLUS TVS MOTORCYCLE,1,283000,0,0,0,283000,Credit Sales,9
3/9/2021,205/60/16 CACHLAND,2,16500,0,0,0,33000,Cash,9
3/9/2021,215/60/16 CACHLAND,2,17500,0,0,0,35000,Cash,9
3/9/2021,185/70/14 AUSTONE,2,13500,0,0,163000,27000,Cash,9
3/9/2021,195/14C ONYX,1,18500,0,18500,0,18500,Transfer,9
3/9/2021,205/65/15 WINDA,2,18000,0,0,0,36000,Transfer,9
3/9/2021,205/60/16 ZEXTOUR,3,16500,0,0,0,49500,Transfer,9
6/9/2021,TVS KING TVS TRICYCLE,1,940000,0,770000,170000,940000,Credit Sales,9
6/9/2021,BM-100 BOXER BAJAJ,1,299000,0,0,0,299000,Credit Sales,9
6/9/2021,BM-100 BOXER BAJAJ,1,294000,0,0,0,294000,Credit Sales,9
6/9/2021,BM-100 BOXER BAJAJ,1,300000,0,0,0,300000,Credit Sales,9
6/9/2021,BM-100 BOXER BAJAJ,1,299000,0,0,0,299000,Credit Sales,9
6/9/2021,110-19V JINCHENG LADIES,1,303000,0,0,0,303000,Cash,9
6/9/2021,215/60/16 CACHLAND,2,17500,0,0,0,35000,Transfer,9
6/9/2021,195/65/15 RAPID,2,14500,0,0,0,29000,Transfer,9
6/9/2021,185/70/14 BOTO,2,13500,0,50000,134000,27000,Transfer,9
6/9/2021,185/70/14 RAPID,2,12500,0,0,0,25000,Credit Sales,9
6/9/2021,215/60/16 RAPID,2,17500,0,0,0,35000,Credit Sales,9
6/9/2021,215/60/16 ZEXTOUR,2,17500,0,0,0,35000,Credit Sales,9
6/9/2021,205/60/16 RAPID,2,16500,0,261000,274000,33000,Credit Sales,9
6/9/2021,205/60/16 RAPID,2,16500,0,0,33000,33000,Cash,9
7/9/2021,BM-100 BOXER BAJAJ,1,295000,0,0,0,295000,Credit Sales,9
7/9/2021,BM-100 BOXER BAJAJ,1,299000,0,0,0,299000,Cash,9
7/9/2021,BM-100 BOXER BAJAJ,1,296000,0,0,0,296000,Cash,9
7/9/2021,HLX PLUS TVS MOTORCYCLE,1,287000,0,287000,0,287000,Cash,9
7/9/2021,205/65/15 CACHLAND,2,17000,0,0,0,34000,Transfer,9
7/9/2021,195/65/15 GREENLANDER,2,14500,0,0,126000,29000,Transfer,9
7/9/2021,205/60/16 CACHLAND,2,16500,0,0,0,33000,Cash,9
7/9/2021,205/65/15 ROADX,2,17000,0,0,0,34000,Cash,9
8/9/2021,HLX PLUS TVS MOTORCYCLE,1,287000,0,500,9500,287000,Cash,9
8/9/2021,BM-100 BOXER BAJAJ,1,300000,0,300000,0,300000,Transfer,9
8/9/2021,HLX PLUS (ES) TVS M/C,1,305000,0,0,0,305000,Transfer,9
8/9/2021,185/70/14 AUSTONE,2,13500,0,0,27000,27000,Transfer,9
8/9/2021,185/70/14 AUSTONE,0,13500,0,0,0,0,Others,9
8/9/2021,185/70/14 AUSTONE,0,13500,0,0,27000,0,Others,9
8/9/2021,185/70/14 AUSTONE,0,13500,0,0,27000,0,Others,9
8/9/2021,185/70/14 AUSTONE,0,13500,0,0,27000,0,Others,9
8/9/2021,185/70/14 AUSTONE,0,13500,0,0,27000,0,Others,9
8/9/2021,185/70/14 AUSTONE,0,13500,0,0,27000,0,Others,9
8/9/2021,185/70/14 AUSTONE,0,13500,0,0,27000,0,Others,9
8/9/2021,185/70/14 AUSTONE,0,13500,0,0,27000,0,Transfer,9
8/9/2021,215/60/16 CACHLAND,2,17500,0,0,0,35000,Transfer,9
9/9/2021,110-19 JINCHENG LADIES,1,295000,0,0,0,295000,Credit Sales,9
9/9/2021,HLX PLUS TVS MOTORCYCLE,1,284000,0,0,0,284000,Credit Sales,9
9/9/2021,HLX PLUS TVS MOTORCYCLE,1,284000,0,0,0,284000,Credit Sales,9
9/9/2021,HLX PLUS TVS MOTORCYCLE,1,286000,0,286000,0,286000,Cash,9
9/9/2021,HLX PLUS TVS MOTORCYCLE,1,286500,0,286500,0,286500,Cash,9
9/9/2021,195/65/15 GREENLANDER,2,14500,0,0,0,29000,Cash,9
9/9/2021,225/65/17 WINDA,2,24000,0,0,0,48000,Cash,9
9/9/2021,265/65/17 WINDA,2,33000,0,0,0,66000,Cash,9
9/9/2021,225/45/17 ZEXTOUR,2,18500,0,0,0,37000,Cash,9
10/9/2021,HLX PLUS TVS MOTORCYCLE,1,287000,0,287000,0,287000,Cash,9
10/9/2021,HLX PLUS TVS MOTORCYCLE,1,284000,0,0,0,284000,Credit Sales,9
10/9/2021,BM-100 BOXER BAJAJ,1,296000,0,0,0,296000,Transfer,9
10/9/2021,185/70/14 CACHLAND,3,12500,0,0,0,37500,Cash,9
10/9/2021,195/65/15 CACHLAND,2,14500,0,26500,40000,29000,Cash,9
10/9/2021,195/70/14 RAPID,1,15000,0,15000,0,15000,Others,9
10/9/2021,225/65/17 RAPID,2,23500,0,0,235000,47000,Transfer,9
11/9/2021,BM-100 BOXER BAJAJ,1,302000,0,0,0,302000,Credit Sales,9
11/9/2021,110-19 JINCHENG LADIES,1,295000,0,0,0,295000,Credit Sales,9
11/9/2021,BM-100 BOXER BAJAJ,1,295000,0,0,0,295000,Credit Sales,9
11/9/2021,BM-100 BOXER BAJAJ,1,298000,0,200000,98000,298000,Cash,9
11/9/2021,195/65/15 CACHLAND,2,14500,0,0,0,29000,Cash,9
11/9/2021,205/60/16 RAPID,2,17000,0,0,0,34000,Cash,9
9/13/2021,BM-100 BOXER BAJAJ,1,298000,0,298000,0,298000,Cash,9
9/13/2021,HLX PLUS TVS MOTORCYCLE,1,286000,0,0,0,286000,Credit Sales,9
9/13/2021,BM-100 BOXER BAJAJ,1,301000,0,0,0,301000,Credit Sales,9
9/13/2021,205/65/15 ROADX,2,17500,0,0,0,35000,Cash,9
9/13/2021,185/70/14 ZEXTOUR,2,13000,0,0,0,26000,Cash,9
9/13/2021,185/70/14 BOTO,2,14000,0,0,0,28000,Cash,9
9/13/2021,195/65/15 WINDA,1,16000,0,130000,38000,16000,Cash,9
9/14/2021,BM-100 BOXER BAJAJ,1,303000,0,0,0,303000,Credit Sales,9
9/14/2021,110-19 JINCHENG LADIES,1,295000,0,295000,0,295000,Cash,9
9/14/2021,HLX PLUS TVS MOTORCYCLE,1,286000,0,0,0,286000,Credit Sales,9
9/14/2021,BM-100 BOXER BAJAJ,1,302000,0,80000,222000,302000,Cash,9
9/14/2021,195/65/15 ZEXTOUR,2,15000,0,60000,0,30000,Cash,9
9/14/2021,265/70/16 ROADX,2,31500,0,0,0,63000,Credit Sales,9
9/14/2021,205/60/16 RAPID,2,17500,0,0,0,35000,Credit Sales,9
9/14/2021,195/65/15 WINDA,2,16000,0,0,0,32000,Credit Sales,9
9/15/2021,HLX PLUS TVS MOTORCYCLE,1,286000,0,0,0,286000,Credit Sales,9
9/15/2021,HLX PLUS TVS MOTORCYCLE,1,288000,0,288000,0,288000,Cash,9
9/15/2021,BM-100 BOXER BAJAJ,1,303000,0,303000,0,303000,Cash,9
9/15/2021,BM-100 BOXER BAJAJ,1,307000,0,302000,5000,307000,Cash,9
9/15/2021,BM-100 BOXER BAJAJ,1,305000,0,305000,0,305000,Cash,9
9/15/2021,185/70/14 AUSTONE,2,14000,0,0,0,28000,Cash,9
9/15/2021,185/70/14 BOTO,2,14000,0,280000,0,28000,Cash,9
9/16/2021,BM-100 BOXER BAJAJ,1,305000,0,305000,0,305000,Cash,9
9/16/2021,BM-100 BOXER BAJAJ,1,305000,0,305000,0,305000,Cash,9
9/16/2021,HLX PLUS (ES) TVS M/C,1,308000,0,308000,0,308000,Cash,9
9/16/2021,HLX PLUS TVS MOTORCYCLE,1,288000,0,288000,0,288000,Cash,9
9/16/2021,HLX PLUS TVS MOTORCYCLE,1,287000,0,0,575000,287000,Others,9
9/16/2021,185/70/14 CACHLAND,2,13000,0,0,0,26000,Cash,9
9/16/2021,185/70/14 AUSTONE,2,14000,0,108000,0,28000,Cash,9
9/16/2021,225/55/17 CACHLAND,2,19000,0,0,0,38000,Transfer,9
9/16/2021,205/65/15 ROADX,2,17500,0,0,0,35000,Transfer,9
9/16/2021,205/65/15 CACHLAND,3,17300,0,0,0,51900,Transfer,9
9/16/2021,185/70/14 AUSTONE,2,14000,0,0,222900,28000,Transfer,9
9/16/2021,215/60/16 ZEXTOUR,2,18000,0,0,0,36000,Cash,9
9/16/2021,185/70/14 BOTO,2,13800,0,0,0,27600,Cash,9
9/16/2021,185/70/14 CACHLAND,2,12800,0,0,0,25600,Cash,9
9/16/2021,205/60/16 WINDA,3,17500,0,48500,178400,52500,Cash,9
9/17/2021,BM-100 BOXER BAJAJ,1,305000,0,0,305000,305000,Cash,9
9/17/2021,BM-100 BOXER BAJAJ,1,312000,0,312000,0,312000,Cash,9
9/17/2021,HLX PLUS TVS MOTORCYCLE,1,287000,0,0,0,287000,Cash,9
9/17/2021,BM-100 BOXER BAJAJ,1,305000,0,0,0,305000,Cash,9
9/17/2021,185/70/14 AUSTONE,2,14000,0,42000,14000,28000,Transfer,9
9/17/2021,215/60/16 CACHLAND,2,18000,0,0,0,36000,Credit Sales,9
9/17/2021,205/60/16 RAPID,2,17500,0,0,0,35000,Credit Sales,9
9/17/2021,185/70/14 CACHLAND,2,12800,0,0,0,25600,Credit Sales,9
9/17/2021,195/65/15 CACHLAND,1,15000,0,0,0,15000,Credit Sales,9
9/17/2021,195/65/15 GREENLANDER,2,15000,0,0,314600,30000,Credit Sales,9
9/17/2021,195/65/15 GREENLANDER,2,15000,0,0,0,30000,Others,9
9/17/2021,195/65/15 CACHLAND,1,15000,0,55200,19800,15000,Others,9
9/18/2021,110-19 JINCHENG LADIES,1,295000,0,295000,0,0,Credit Sales,9
9/18/2021,110-19 JINCHENG LADIES,1,295000,0,0,0,295000,Others,9
9/18/2021,BM-100 BOXER BAJAJ,1,310000,0,310000,0,310000,Cash,9
9/18/2021,BM-100 BOXER BAJAJ,1,310000,0,310000,0,310000,Cash,9
9/18/2021,215/60/16 AUSTONE,2,20000,0,0,0,40000,Transfer,9
9/18/2021,195/65/15 GREENLANDER,2,15000,0,0,0,30000,Transfer,9
9/18/2021,235/55/19 ROADX,2,30000,0,0,0,60000,Transfer,9
9/18/2021,195/15C AUSTONE,2,24500,0,0,0,49000,Transfer,9
9/20/2021,BM-100 BOXER BAJAJ,1,305000,0,305000,0,305000,Cash,9
9/20/2021,HLX PLUS TVS MOTORCYCLE,1,292000,0,292000,0,292000,Transfer,9
9/20/2021,BM-100 BOXER BAJAJ,1,305000,0,305000,0,305000,Cash,9
9/20/2021,215/60/16 AUSTONE,2,20000,0,0,80000,40000,Cash,9
9/20/2021,185/70/14 BOTO,2,13700,0,0,0,27400,Cash,9
9/20/2021,195/65/15 CACHLAND,2,15000,0,0,0,30000,Cash,9
9/20/2021,205/65/15 WINDA,2,18300,0,0,224600,36600,Cash,9
9/20/2021,215/60/16 AUSTONE,2,20000,0,0,0,40000,Cash,9
9/20/2021,205/65/15 BOTO,3,18500,0,95500,0,55500,Cash,9
9/20/2021,205/65/15 AUSTONE,2,18500,0,0,0,37000,Cash,9
9/20/2021,205/65/15 ROADX,2,17500,0,100000,190000,35000,Cash,9
9/21/2021,HLX PLUS TVS MOTORCYCLE,1,293000,0,293000,0,293000,Cash,9
9/21/2021,BM-100 BOXER BAJAJ,1,306000,0,306000,0,306000,Cash,9
9/21/2021,BM-100 BOXER BAJAJ,1,310000,0,310000,0,310000,Transfer,9
9/21/2021,BM-100 BOXER BAJAJ,1,310000,0,0,310000,310000,Transfer,9
9/21/2021,BM-100 BOXER BAJAJ,1,310000,0,310000,0,310000,Cash,9
9/22/2021,HLX PLUS TVS MOTORCYCLE,1,293000,0,0,0,293000,Credit Sales,9
9/22/2021,HLX PLUS TVS MOTORCYCLE,1,294000,0,287000,7000,294000,Cash,9
9/22/2021,HLX PLUS TVS MOTORCYCLE,1,294000,0,294000,0,294000,Cash,9
9/22/2021,205/65/15 RAPID,2,17400,0,0,0,34800,Transfer,9
9/22/2021,205/65/15 GREENLANDER,2,17400,0,0,0,34800,Transfer,9
9/22/2021,205/65/15 ROADX,2,17400,0,0,0,34800,Transfer,9
9/22/2021,225/70/16 CACHLAND,2,22400,0,0,0,44800,Transfer,9
9/23/2021,BM-100 BOXER BAJAJ,1,314000,0,314000,0,314000,Cash,9
9/23/2021,HLX PLUS TVS MOTORCYCLE,1,294000,0,294000,0,294000,Cash,9
9/23/2021,BM-100 BOXER BAJAJ,1,314000,0,314000,0,314000,Cash,9
9/23/2021,185/70/14 BOTO,2,14000,0,0,0,28000,Cash,9
9/23/2021,185/70/14 CACHLAND,2,12700,0,0,0,25400,Cash,9
9/23/2021,195/65/15 GREENLANDER,2,15000,0,0,0,30000,Cash,9
9/23/2021,205/65/15 AUSTONE,2,18500,0,203800,0,37000,Cash,9
9/24/2021,HLX PLUS (ES) TVS M/C,1,310000,0,310000,0,310000,Cash,9
9/24/2021,BM-100 BOXER BAJAJ,1,315000,0,315000,0,315000,Cash,9
9/24/2021,BM-100 BOXER BAJAJ,1,313000,0,0,0,313000,Credit Sales,9
9/24/2021,BM-100 BOXER BAJAJ,1,306000,0,0,0,306000,Credit Sales,9
9/24/2021,BM-100 BOXER BAJAJ,1,307000,0,0,0,307000,Credit Sales,9
9/24/2021,205/65/15 ROADX,3,17500,0,52500,0,0,Others,9
9/24/2021,195/15C SUNFULL,2,21500,0,0,0,43000,Cash,9
9/24/2021,195/15C AUSTONE,2,24500,0,0,0,49000,Cash,9
9/24/2021,205/65/15 AUSTONE,2,18500,0,0,0,37000,Cash,9
9/24/2021,185/70/14 AUSTONE,2,13800,0,0,252100,27600,Cash,9
9/24/2021,255/50/19 RAPID,2,31000,0,0,0,62000,Cash,9
9/25/2021,BM-100 RED BOXER BAJAJ,1,314000,0,314000,0,314000,Cash,9
9/25/2021,HLX PLUS BLUE TVS MOTORCYCLE,1,293000,0,0,0,293000,Credit Sales,9
9/25/2021,HLX PLUS BLUE TVS MOTORCYCLE,1,294000,0,294000,0,294000,Cash,9
9/25/2021,205/65/15 BOTO,2,18500,0,0,0,37000,Cheque,9
9/25/2021,205/65/15 GREENLANDER,2,17500,0,0,290000,35000,Cheque,9
9/25/2021,185/70/14 AUSTONE,2,13800,0,0,0,27600,Cash,9
9/25/2021,215/60/16 AUSTONE,2,20000,0,0,0,40000,Cash,9
9/27/2021,HLX PLUS BLUE TVS MOTORCYCLE,1,293000,0,0,0,293000,Credit Sales,9
9/27/2021,BM-100 RED BOXER BAJAJ,1,315000,0,315000,0,315000,Credit Sales,9
9/27/2021,185/70/14 WINDA,2,14000,0,0,0,28000,Cash,9
9/27/2021,185/70/14 CACHLAND,2,13000,0,0,0,26000,Cash,9
9/27/2021,205/65/15 BOTO,1,18500,0,72500,0,18500,Cash,9
9/27/2021,195/15C RAPID,2,21500,0,0,0,43000,Cash,9
9/27/2021,195/65/15 GREENLANDER,2,15000,0,0,0,30000,Cash,9
9/27/2021,185/70/14 CACHLAND,2,12700,0,0,0,25400,Cash,9
9/28/2021,BM-100 RED BOXER BAJAJ,1,307000,0,307000,0,307000,Cash,9
9/28/2021,110-19 BLACK JINCHENG LADIES,1,297000,0,0,0,297000,Cash,9
9/28/2021,185/70/14 RAPID,2,12700,0,0,0,25400,Cash,9
9/28/2021,195/65/15 GREENLANDER,2,15000,0,202000,0,30000,Cash,9
9/28/2021,205/65/15 ROADX,2,17500,0,0,0,35000,Cash,9
9/28/2021,185/70/14 JOYROAD,2,12700,0,0,0,25400,Cash,9
9/28/2021,195/65/15 CACHLAND,2,15000,0,0,0,30000,Cash,9
9/28/2021,195/65/15 GREENLANDER,2,15000,0,120000,60800,30000,Cash,9
9/29/2021,HLX PLUS BLACK TVS MOTORCYCLE,1,294000,0,294000,0,294000,Cash,9
9/29/2021,BM-100 RED BOXER BAJAJ,1,309000,0,0,0,309000,Credit Sales,9
9/29/2021,BM-100 RED BOXER BAJAJ,1,306000,0,0,0,306000,Credit Sales,9
9/29/2021,185/70/14 CACHLAND,1,13000,0,0,0,13000,Cash,9
9/29/2021,205/65/15 ROADX,2,17500,0,0,0,35000,Credit Sales,9
9/29/2021,185/70/14 RAPID,2,12700,0,0,0,25400,Credit Sales,9
9/29/2021,215/60/16 AUSTONE,2,20000,0,0,0,40000,Credit Sales,9
9/30/2021,BM-100 RED BOXER BAJAJ,1,315000,0,315000,0,315000,Cheque,9
9/30/2021,BM-100 RED BOXER BAJAJ,1,308000,0,0,616000,308000,Transfer,9
9/30/2021,205/65/15 WINDA,2,18500,0,0,0,37000,Transfer,9
9/30/2021,205/65/15 CACHLAND,2,17500,0,0,0,35000,Transfer,9
9/30/2021,185/70/14 WINDA,2,13800,0,0,0,27600,Transfer,9
9/30/2021,185/70/14 JOYROAD,2,12800,0,0,189800,25600,Transfer,9
9/30/2021,215/60/16 AUSTONE,2,20000,0,0,0,40000,Cash,9
9/30/2021,185/70/14 RAPID,2,12800,0,0,0,25600,Cash,9
1/10/2021,BM-100 RED BOXER BAJAJ,1,306000,0,0,0,306000,Credit Sales,10
1/10/2021,BM-100 RED BOXER BAJAJ,1,306000,0,0,0,306000,Cash,10
1/10/2021,195/65/15 SUNFULL,2,15000,0,0,0,30000,Cash,10
1/10/2021,185/70/14 RAPID,2,12800,0,0,0,25600,Cash,10
1/10/2021,185/70/14 ZEXTOUR,2,12800,0,0,0,25600,Cash,10
1/10/2021,185/70/14 JOYROAD,2,12800,0,0,0,25600,Cash,10
1/10/2021,205/65/15 CACHLAND,2,17500,0,60000,291000,35000,Cash,10
1/10/2021,195/65/15 SUNFULL,0,15000,0,0,0,0,Transfer,10
1/10/2021,185/70/14 RAPID,0,12800,0,0,0,0,Transfer,10
1/10/2021,185/70/14 ZEXTOUR,0,12800,0,0,0,0,Transfer,10
1/10/2021,185/70/14 JOYROAD,0,12800,0,0,0,0,Transfer,10
1/10/2021,205/65/15 CACHLAND,0,17500,0,60000,291000,0,Transfer,10
2/10/2021,110-19 RED/BLACK JINCHENG,1,300000,0,275000,25000,300000,Cash,10
2/10/2021,110-19 RED/BLACK JINCHENG,1,300000,0,0,300000,300000,Transfer,10
2/10/2021,BM-100 RED BOXER BAJAJ,1,312000,0,312000,0,312000,Cash,10
4/10/2021,BM-100 RED BOXER BAJAJ,1,315000,0,315000,0,315000,Cash,10
4/10/2021,185/70/14 RAPID,2,12800,0,0,0,25600,Cash,10
4/10/2021,205/65/15 BOTO,2,18300,0,0,0,36600,Cash,10
4/10/2021,185/70/14 AUSTONE,2,14000,0,120000,191400,28000,Cash,10
4/10/2021,195/65/15 AUSTONE,2,16500,0,66000,0,33000,Cash,10
4/10/2021,215/60/16 BOTO,2,19500,0,0,0,39000,Credit Sales,10
4/10/2021,195/15C RAPID,2,23000,0,0,0,46000,Credit Sales,10
4/10/2021,205/65/15 ROADX,2,17300,0,0,0,34600,Credit Sales,10
4/10/2021,185/70/14 GREENLANDER,2,12800,0,0,0,25600,Credit Sales,10
4/10/2021,205/65/15 RAPID,2,17500,0,180000,639000,35000,Credit Sales,10
4/10/2021,185/70/14 CACHLAND,2,12800,0,0,0,25600,Others,10
5/10/2021,HLX PLUS RED TVS MOTORCYCLE,1,298000,0,0,0,298000,Credit Sales,10
5/10/2021,215/60/16 BOTO,2,19300,0,0,77200,38600,Transfer,10
5/10/2021,185/70/14 AUSTONE,2,14000,0,0,112000,28000,Cash,10
5/10/2021,185/70/14 BOTO,2,13800,0,0,0,27600,Credit Sales,10
5/10/2021,185/70/14 AUSTONE,2,14000,0,0,0,28000,Credit Sales,10
5/10/2021,205/65/15 WINDA,2,18500,0,157600,0,37000,Credit Sales,10
5/10/2021,185/70/14 AUSTONE,2,14000,0,0,0,28000,Cash,10
5/10/2021,185/70/14 BOTO,2,13700,0,0,0,27400,Cash,10
5/10/2021,185/70/14 WINDA,2,13800,0,100000,483000,27600,Cash,10
6/10/2021,205/65/15 RAPID,2,17500,0,0,0,35000,Others,10
6/10/2021,185/70/14 WINDA,2,13800,0,0,0,27600,Others,10
6/10/2021,195/15C AUSTONE,2,25000,0,0,0,50000,Others,10
6/10/2021,195/15C BOTO,2,24000,0,0,0,48000,Others,10
6/10/2021,195/14C BOTO,2,21000,0,0,787800,42000,Others,10
6/10/2021,195/15C SUNFULL,2,22800,0,0,0,45600,Transfer,10
6/10/2021,185/70/14 CACHLAND,2,13000,0,0,0,26000,Credit Sales,10
6/10/2021,215/60/16 ROADX,2,18500,0,0,0,37000,Credit Sales,10
7/10/2021,HLX PLUS BLACK TVS MOTORCYCLE,1,292000,0,0,0,292000,Credit Sales,10
7/10/2021,HLX PLUS BLACK TVS MOTORCYCLE,1,294000,0,294000,0,294000,Transfer,10
7/10/2021,205/65/15 BOTO,2,18300,0,0,0,36600,Cash,10
7/10/2021,195/65/15 BOTO,2,16000,0,0,0,32000,Cash,10
7/10/2021,215/60/16 BOTO,2,19500,0,0,0,39000,Cash,10
7/10/2021,185/70/14 AUSTONE,2,14000,0,0,0,28000,Cash,10
7/10/2021,205/65/15 AUSTONE,2,18500,0,0,0,37000,Cash,10
7/10/2021,215/60/16 AUSTONE,2,20000,0,0,0,40000,Cash,10
8/10/2021,BM-100 RED BOXER BAJAJ,1,313000,0,0,0,313000,Cash,10
8/10/2021,205/65/15 RAPID,2,17500,0,0,0,35000,Transfer,10
8/10/2021,205/65/15 CACHLAND,2,17500,0,0,0,35000,Transfer,10
8/10/2021,185/70/14 AUSTONE,2,14000,0,0,0,28000,Transfer,10
8/10/2021,215/60/16 AUSTONE,2,20000,0,325000,0,40000,Transfer,10
8/10/2021,215/60/16 AUSTONE,2,20000,0,0,0,40000,Credit Sales,10
8/10/2021,205/65/15 CACHLAND,2,17500,0,0,150000,35000,Credit Sales,10
8/10/2021,205/60/16 BOTO,2,17900,0,0,0,35800,Cash,10
8/10/2021,185/70/14 BOTO,2,13700,0,126400,0,27400,Cash,10
8/10/2021,195/15C AUSTONE,2,25000,0,0,0,50000,Transfer,10
8/10/2021,195/15C BOTO,2,24000,0,0,1230000,48000,Transfer,10
9/10/2021,HLX PLUS BLACK TVS MOTORCYCLE,1,294000,0,294000,0,294000,Cash,10
9/10/2021,110-19 BLACK JINCHENG LADIES,1,307000,0,307000,0,307000,Cash,10
9/10/2021,185/70/14 WINDA,2,13800,0,0,0,27600,Transfer,10
9/10/2021,185/70/14 AUSTONE,2,14000,0,0,0,28000,Transfer,10
9/10/2021,205/65/15 RAPID,2,17500,0,0,0,35000,Transfer,10
9/10/2021,185/70/14 JOYROAD,2,12800,0,0,0,25600,Transfer,10
9/10/2021,185/70/14 GREENLANDER,2,12800,0,0,381400,25600,Transfer,10
9/10/2021,195/14C ONYX,2,20500,0,0,205000,41000,Cash,10
11/10/2021,HLX PLUS BLUE TVS MOTORCYCLE,1,292000,0,0,0,292000,Credit Sales,10
11/10/2021,BM-100 RED BOXER BAJAJ,1,308000,0,0,0,308000,Credit Sales,10
11/10/2021,205/65/15 BOTO,2,18300,0,183000,0,36600,Others,10
11/10/2021,195/65/15 BOTO,2,16000,0,0,0,32000,Cash,10
11/10/2021,195/65/15 AUSTONE,2,16000,0,0,0,32000,Cash,10
11/10/2021,215/55/17 BOTO,2,21500,0,0,0,43000,Cash,10
11/10/2021,195/15C BOTO,2,24000,0,0,0,48000,Cash,10
11/10/2021,225/50/17 BOTO,2,21500,0,0,0,43000,Cash,10
11/10/2021,225/65/17 BOTO,2,25500,0,0,0,51000,Cash,10
11/10/2021,215/65/16 BOTO,2,21500,0,0,1151000,43000,Cash,10
11/10/2021,205/65/15 CACHLAND,3,17500,0,5500,47000,52500,Others,10
11/10/2021,215/65/16 BOTO,2,21500,0,0,0,43000,Transfer,10
12/10/2021,BM-100 RED BOXER BAJAJ,1,313000,0,0,0,313000,Credit Sales,10
12/10/2021,195/65/15 BOTO,2,16000,0,0,0,32000,Credit Sales,10
12/10/2021,185/70/14 CACHLAND,2,12800,0,0,0,25600,Credit Sales,10
12/10/2021,185/70/14 BOTO,2,13800,0,0,0,27600,Credit Sales,10
12/10/2021,205/65/15 CACHLAND,2,17500,0,0,70000,35000,Cash,10
12/10/2021,185/70/14 BOTO,2,13800,0,0,0,27600,Credit Sales,10
12/10/2021,205/65/15 CACHLAND,1,17500,0,0,0,17500,Credit Sales,10
12/10/2021,195/15C AUSTONE,2,25000,0,95100,0,50000,Credit Sales,10
12/10/2021,185/70/14 AUSTONE,2,14000,0,28000,28000,0,Transfer,10
12/10/2021,205/65/15 CACHLAND,2,17500,0,0,0,35000,Credit Sales,10
12/10/2021,195/65/15 BOTO,2,16000,0,0,102000,32000,Credit Sales,10
10/13/2021,195/15C SUNFULL,2,22900,0,0,0,45800,Transfer,10
10/13/2021,205/60/16 BOTO,2,17900,0,0,0,35800,Transfer,10
10/13/2021,205/60/16 SUNFULL,2,16900,0,0,0,33800,Transfer,10
10/13/2021,205/65/15 AUSTONE,2,18400,0,0,0,36800,Transfer,10
10/14/2021,HLX PLUS BLUE TVS MOTORCYCLE,1,295000,0,295000,0,295000,Cash,10
10/14/2021,110-19 WHITE JINCHENG LADIES,1,305000,0,305000,0,305000,Cash,10
10/14/2021,BM-100 RED BOXER BAJAJ,1,313000,0,313000,0,313000,Credit Sales,10
10/14/2021,195/15C AUSTONE,2,25500,0,0,0,51000,Cash,10
10/14/2021,195/65/15 SUNFULL,2,16000,0,0,0,32000,Cash,10
10/14/2021,205/65/15 AUSTONE,2,19000,0,61000,15000,38000,Transfer,10
10/14/2021,195/65/15 SUNFULL,2,15500,0,2000,153000,31000,Cash,10
10/14/2021,185/70/14 AUSTONE,2,14500,0,0,0,29000,Cash,10
10/14/2021,195/15C AUSTONE,2,25500,0,160000,189000,51000,Cash,10
10/14/2021,225/65/17 BOTO,2,25500,0,0,0,51000,Cash,10
10/14/2021,255/70/15 AUSTONE,2,35000,0,0,0,70000,Cash,10
10/15/2021,MNL - 125 RED MUSHMIN CG,1,280000,0,280000,0,280000,Cash,10
10/15/2021,BM-100 RED BOXER BAJAJ,1,310000,0,310000,0,310000,Transfer,10
10/15/2021,205/65/15 BOTO,2,19000,0,26000,50000,38000,Cash,10
10/15/2021,235/55/18 AUSTONE,2,29000,0,58000,0,58000,Cash,10
10/15/2021,195/65/15 BOTO,2,16500,0,0,0,33000,Cash,10
10/15/2021,185/70/14 JOYROAD,2,13300,0,0,0,26600,Cash,10
10/15/2021,205/65/15 ROADX,2,18000,0,211400,0,36000,Cash,10
10/15/2021,185/70/14 CACHLAND,2,13300,0,0,0,26600,Cash,10
10/15/2021,185/70/14 BOTO,2,14300,0,0,0,28600,Cash,10
10/15/2021,195/15C AUSTONE,1,25500,0,0,0,25500,Cash,10
10/15/2021,205/60/16 BOTO,2,19000,0,93000,20000,38000,Cash,10
10/15/2021,185/70/14 BOTO,2,14000,0,0,0,28000,Credit Sales,10
10/16/2021,HLX PLUS (ES) BLACK TVS M/C,1,315000,0,315000,0,315000,Cash,10
10/16/2021,MNL - 125 RED MUSHMIN CG,1,270000,0,0,0,270000,Others,10
10/16/2021,MNL - 125 RED MUSHMIN CG,1,270000,0,0,0,270000,Others,10
10/16/2021,MNL - 125 RED MUSHMIN CG,1,270000,0,0,0,270000,Others,10
10/16/2021,185/70/14 BOTO,2,14300,0,0,0,28600,Cash,10
10/16/2021,195/70/14 WINDA,2,17000,0,0,0,34000,Cash,10
10/18/2021,HLX PLUS BLACK TVS MOTORCYCLE,1,293000,0,0,0,293000,Transfer,10
10/18/2021,HLX PLUS BLACK TVS MOTORCYCLE,1,297000,0,297000,0,297000,Cash,10
10/18/2021,HLX PLUS BLACK TVS MOTORCYCLE,1,294000,0,294000,0,294000,Credit Sales,10
10/18/2021,225/45/18 BOTO,2,23000,0,0,0,46000,Credit Sales,10
10/18/2021,195/70/14 BOTO,2,16000,0,0,0,32000,Credit Sales,10
10/18/2021,195/65/15 BOTO,2,16000,0,0,0,32000,Credit Sales,10
10/18/2021,205/60/16 BOTO,2,19000,0,0,0,38000,Credit Sales,10
10/18/2021,215/60/16 BOTO,2,20000,0,0,0,40000,Credit Sales,10
10/18/2021,245/45/17 BOTO,2,25000,0,0,0,50000,Credit Sales,10
10/18/2021,225/65/17 BOTO,2,26000,0,0,0,52000,Credit Sales,10
10/18/2021,245/40/18 BOTO,2,25000,0,0,0,50000,Credit Sales,10
10/19/2021,BM-100 RED BOXER BAJAJ,1,307000,0,0,0,307000,Credit Sales,10
10/19/2021,HLX PLUS BLUE TVS MOTORCYCLE,1,295000,0,295000,0,295000,Cash,10
10/19/2021,HLX PLUS BLACK TVS MOTORCYCLE,1,293000,0,0,0,293000,Credit Sales,10
10/19/2021,185/70/14 BOTO,2,14300,0,143000,0,28600,Credit Sales,10
10/19/2021,185/70/14 BOTO,2,14500,0,29000,0,29000,Cash,10
10/19/2021,195/15C AUSTONE,2,25500,0,0,0,51000,Credit Sales,10
10/19/2021,185/70/14 CACHLAND,2,13100,0,0,0,26200,Credit Sales,10
10/20/2021,HLX PLUS RED TVS MOTORCYCLE,1,300000,0,300000,0,300000,Cash,10
10/20/2021,BM-100 RED BOXER BAJAJ,1,314000,0,314000,0,314000,Cash,10
10/20/2021,195/65/15 BOTO,3,16500,0,49500,0,49500,Transfer,10
10/20/2021,225/55/17 AUSTONE,2,23000,0,0,0,46000,Transfer,10
10/21/2021,BM-100 RED BOXER BAJAJ,1,313000,0,0,0,313000,Credit Sales,10
10/21/2021,HLX PLUS (ES) BLUE TVS M/C,1,320000,0,320000,0,320000,Cash,10
10/21/2021,HLX PLUS BLUE TVS MOTORCYCLE,1,295000,0,295000,0,295000,Cash,10
10/21/2021,195/15C AUSTONE,2,25000,0,0,0,50000,Credit Sales,10
10/21/2021,195/15C BOTO,2,24500,0,21500,150000,49000,Cash,10
10/21/2021,185/70/14 CACHLAND,2,13100,0,0,0,26200,Credit Sales,10
10/21/2021,205/65/15 AUSTONE,2,19000,0,0,0,38000,Credit Sales,10
10/22/2021,HLX PLUS RED TVS MOTORCYCLE,1,299000,0,299000,0,299000,Cash,10
10/22/2021,BM-100 RED BOXER BAJAJ,1,315000,0,315000,0,315000,Cash,10
10/22/2021,HLX PLUS BLUE TVS MOTORCYCLE,1,294000,0,0,0,294000,Cash,10
10/22/2021,HLX PLUS BLACK TVS MOTORCYCLE,1,294000,0,0,0,294000,Cash,10
10/22/2021,205/70/15 AUSTONE,2,25000,0,0,0,50000,Credit Sales,10
10/22/2021,245/70/16 BOTO,2,34000,0,0,336000,68000,Credit Sales,10
10/22/2021,185/70/14 BOTO,2,14300,0,0,0,28600,Others,10
10/22/2021,185/65/14 RAPID,2,13000,0,0,109200,26000,Others,10
10/23/2021,BM-100 RED BOXER BAJAJ,1,314000,0,314000,0,314000,Cash,10
10/23/2021,HLX PLUS BLACK TVS MOTORCYCLE,1,298000,0,298000,0,298000,Transfer,10
10/23/2021,BM-100 RED BOXER BAJAJ,1,313000,0,0,0,313000,Cash,10
10/23/2021,HLX PLUS BLACK TVS MOTORCYCLE,1,295000,0,295000,0,295000,Cash,10
10/23/2021,185/70/14 RAPID,2,13200,0,0,0,26400,Cash,10
10/23/2021,185/70/14 CACHLAND,2,13200,0,132000,0,26400,Cash,10
10/23/2021,225/60/16 BOTO,2,22000,0,0,0,44000,Others,10
10/23/2021,225/70/16 BOTO,2,26000,0,0,0,52000,Others,10
10/25/2021,BM-100 RED BOXER BAJAJ,1,308000,0,308000,0,308000,Cash,10
10/25/2021,BM-100 RED BOXER BAJAJ,1,315000,0,315000,0,315000,Cash,10
10/25/2021,BM-100 RED BOXER BAJAJ,1,313000,0,0,0,313000,Credit Sales,10
10/25/2021,BM-100 RED BOXER BAJAJ,1,309000,0,0,0,309000,Credit Sales,10
10/25/2021,HLX PLUS BLACK TVS MOTORCYCLE,1,294000,0,0,0,294000,Credit Sales,10
10/25/2021,185/70/14 CACHLAND,2,13200,0,132000,0,26400,Cash,10
10/25/2021,215/65/16 BOTO,2,22500,0,0,180000,45000,Cheque,10
10/25/2021,205/65/15 CACHLAND,2,17500,0,65000,40000,35000,Cash,10
10/25/2021,205/65/15 CACHLAND,2,18000,0,0,72000,36000,Transfer,10
10/25/2021,215/60/16 BOTO,2,20000,0,0,0,40000,Cash,10
10/25/2021,185/70/14 CACHLAND,2,13100,0,0,0,26200,Cash,10
10/26/2021,BM-100 RED BOXER BAJAJ,1,309000,0,0,0,309000,Credit Sales,10
10/26/2021,HLX PLUS BLUE TVS MOTORCYCLE,1,295000,0,0,0,295000,Credit Sales,10
10/26/2021,HLX PLUS BLACK TVS MOTORCYCLE,1,295000,0,0,0,295000,Transfer,10
10/26/2021,BM-100 RED BOXER BAJAJ,1,315000,0,0,0,315000,Transfer,10
10/26/2021,185/70/14 ONYX,2,13200,0,0,0,26400,Cash,10
10/26/2021,195/70/14 CACHLAND,1,16000,0,0,0,16000,Cash,10
10/26/2021,185/70/14 AUSTONE,2,14500,0,0,0,29000,Cash,10
10/26/2021,205/65/15 BOTO,2,18300,0,187200,0,36600,Cash,10
10/26/2021,195/15C SUNFULL,2,23500,0,6500,111000,47000,Cash,10
10/26/2021,225/70/16 BOTO,2,27000,0,108000,0,54000,Cash,10
10/27/2021,BM-100 RED BOXER BAJAJ,1,314000,0,0,0,314000,Credit Sales,10
10/27/2021,BM-100 RED BOXER BAJAJ,1,314000,0,0,0,314000,Credit Sales,10
10/27/2021,215/60/16 AUSTONE,2,21000,0,11000,31000,42000,Cash,10
10/27/2021,215/60/16 BOTO,2,20000,0,0,0,40000,Cash,10
10/27/2021,185/70/14 GREENLANDER,2,13100,0,0,0,26200,Cash,10
10/27/2021,205/65/15 WINDA,2,18500,0,0,0,37000,Cash,10
10/27/2021,195/15C AUSTONE,2,25500,0,0,0,51000,Credit Sales,10
10/27/2021,185/70/14 GREENLANDER,2,13100,0,0,0,26200,Others,10
10/28/2021,BM-100 RED BOXER BAJAJ,1,314000,0,0,1570000,314000,Transfer,10
10/28/2021,HLX PLUS BLACK TVS MOTORCYCLE,1,308000,0,308000,0,308000,Others,10
10/28/2021,HLX PLUS BLUE TVS MOTORCYCLE,1,303000,0,0,0,303000,Transfer,10
10/28/2021,BM-100 RED BOXER BAJAJ,1,314000,0,0,314000,314000,Cash,10
10/28/2021,205/55/16 HABILEAD,2,18500,0,37000,0,37000,Cash,10
10/28/2021,225/45/17 SUNFULL,2,25000,0,0,50000,50000,Others,10
10/28/2021,195/15C AUSTONE,2,25500,0,0,0,51000,Cash,10
10/28/2021,185/70/14 WINDA,2,14300,0,0,0,28600,Cash,10
10/28/2021,215/60/16 BOTO,2,20000,0,0,0,40000,Cash,10
10/28/2021,215/60/16 AUSTONE,1,21000,0,21000,0,21000,Cash,10
10/28/2021,195/15C AUSTONE,2,25500,0,0,0,51000,Credit Sales,10
10/28/2021,205/65/15 AUSTONE,2,19000,0,0,0,38000,Credit Sales,10
10/29/2021,BM-100 RED BOXER BAJAJ,1,315000,0,315000,0,315000,Cash,10
10/29/2021,HLX PLUS BLACK TVS MOTORCYCLE,1,303000,0,303000,0,303000,Cash,10
10/29/2021,HLX PLUS BLUE TVS MOTORCYCLE,1,302000,0,0,0,302000,Credit Sales,10
10/29/2021,HLX PLUS BLACK TVS MOTORCYCLE,1,300000,0,0,0,300000,Credit Sales,10
10/29/2021,BM-100 RED BOXER BAJAJ,1,317000,0,0,0,317000,Credit Sales,10
10/29/2021,185/70/14 GREENLANDER,2,13100,0,0,0,26200,Cash,10
10/29/2021,185/70/14 CACHLAND,2,13100,0,0,0,26200,Cash,10
10/29/2021,185/70/14 AUSTONE,2,14500,0,0,0,29000,Cash,10
10/29/2021,205/65/15 BOTO,2,18500,0,172000,295400,37000,Cash,10
10/30/2021,HLX PLUS RED TVS MOTORCYCLE,1,307000,0,307000,0,307000,Cash,10
10/30/2021,HLX PLUS RED TVS MOTORCYCLE,1,307000,0,307000,0,307000,Cash,10
10/30/2021,HLX PLUS BLUE TVS MOTORCYCLE,1,304000,0,304000,0,304000,Cash,10
10/30/2021,BM-100 RED BOXER BAJAJ,1,314000,0,0,0,314000,Credit Sales,10
10/30/2021,HLX PLUS BLUE TVS MOTORCYCLE,1,304000,0,304000,0,304000,Cash,10
10/30/2021,225/65/17 BOTO,2,26500,0,0,0,53000,Cash,10
10/30/2021,205/65/15 BOTO,2,18500,0,291000,0,37000,Cash,10
10/30/2021,235/65/18 RAPID,2,27500,0,0,0,55000,Credit Sales,10
10/30/2021,185/70/14 CACHLAND,2,13500,0,0,0,27000,Credit Sales,10
1/11/2021,HLX PLUS BLACK TVS MOTORCYCLE,1,300000,0,0,0,300000,Credit Sales,11
1/11/2021,110-19 WHITE JINCHENG LADIES,1,310000,0,0,0,310000,Transfer,11
1/11/2021,BM-100 RED BOXER BAJAJ,1,317000,0,317000,0,317000,Cash,11
1/11/2021,HLX PLUS BLUE TVS MOTORCYCLE,1,307000,0,307000,0,307000,Cash,11
1/11/2021,110-19 BLACK JINCHENG LADIES,1,310000,0,0,0,310000,Credit Sales,11
1/11/2021,185/70/14 WINDA,2,14300,0,0,0,28600,Cash,11
1/11/2021,185/70/14 BOTO,2,14300,0,0,0,28600,Cash,11
1/11/2021,205/65/15 BOTO,2,18500,0,130000,87000,37000,Cash,11
1/11/2021,215/55/17 BOTO,2,22000,0,0,0,44000,Transfer,11
1/11/2021,215/60/16 BOTO,2,20500,0,0,0,41000,Transfer,11
1/11/2021,225/45/17 BOTO,2,21500,0,0,0,43000,Transfer,11
2/11/2021,HLX PLUS BLACK TVS MOTORCYCLE,1,300000,0,0,0,300000,Credit Sales,11
2/11/2021,110-19 WHITE JINCHENG LADIES,1,310000,0,0,0,310000,Credit Sales,11
2/11/2021,185/70/14 BOTO,2,14300,0,0,0,28600,Transfer,11
2/11/2021,185/70/14 AUSTONE,2,14500,0,0,0,29000,Transfer,11
2/11/2021,215/60/16 SUNFULL,2,18500,0,0,0,37000,Transfer,11
2/11/2021,185/70/14 ONYX,2,13200,0,0,0,26400,Others,11
2/11/2021,185/70/14 CACHLAND,2,13200,0,0,396000,26400,Others,11
2/11/2021,155/12C TORQUE..,2,12000,0,0,48000,24000,Cash,11
3/11/2021,HLX PLUS BLACK TVS MOTORCYCLE,1,300000,0,0,0,300000,Credit Sales,11
3/11/2021,BM-100 RED BOXER BAJAJ,1,325000,0,0,0,325000,Credit Sales,11
3/11/2021,BM-100 RED BOXER BAJAJ,1,320000,0,320000,0,320000,Cash,11
3/11/2021,185/70/14 CACHLAND,3,13200,0,0,0,39600,Transfer,11
3/11/2021,195/65/15 ONYX,3,16000,0,0,0,48000,Transfer,11
3/11/2021,195/15C SUNFULL,2,23500,0,0,205100,47000,Transfer,11
3/11/2021,185/70/14 CACHLAND,2,13200,0,13200,0,26400,Cash,11
3/11/2021,205/65/15 CACHLAND,2,17500,0,0,0,35000,Cash,11
3/11/2021,205/65/15 BOTO,2,18500,0,144000,0,37000,Cash,11
4/11/2021,HLX PLUS BLACK TVS MOTORCYCLE,1,304000,0,304000,0,304000,Cash,11
4/11/2021,BM-100 RED BOXER BAJAJ,1,324000,0,0,0,324000,Credit Sales,11
4/11/2021,BM-100 RED BOXER BAJAJ,1,322000,0,322000,0,322000,Cash,11
4/11/2021,BM-100 RED BOXER BAJAJ,1,325000,0,325000,0,325000,Cash,11
4/11/2021,HLX PLUS RED TVS MOTORCYCLE,1,315000,0,315000,0,315000,Cash,11
4/11/2021,185/70/14 ONYX,2,13200,0,0,0,26400,Cash,11
4/11/2021,185/70/14 WINDA,2,14500,0,110000,80000,29000,Cash,11
4/11/2021,185/70/14 WINDA,0,14300,0,0,0,0,Cash,11
4/11/2021,195/15C SUNFULL,0,23500,0,250000,222300,0,Cash,11
5/11/2021,BM-100 RED BOXER BAJAJ,1,322000,0,322000,0,322000,Cash,11
5/11/2021,BM-100 RED BOXER BAJAJ,1,323000,0,323000,0,323000,Cash,11
5/11/2021,BM-100 RED BOXER BAJAJ,1,320000,0,0,0,320000,Transfer,11
5/11/2021,BM-100 RED BOXER BAJAJ,1,317000,0,0,0,317000,Transfer,11
5/11/2021,HLX PLUS BLACK TVS MOTORCYCLE,1,304500,0,0,7898500,304500,Transfer,11
5/11/2021,215/55/17 AUSTONE,2,22000,0,0,0,44000,Credit Sales,11
5/11/2021,205/70/15 AUSTONE,2,19500,0,0,0,39000,Credit Sales,11
5/11/2021,225/60/16 AUSTONE,2,22500,0,0,0,45000,Credit Sales,11
5/11/2021,225/60/16 BOTO,2,22000,0,0,0,44000,Credit Sales,11
5/11/2021,195/70/14 BOTO,2,16500,0,0,0,33000,Credit Sales,11
5/11/2021,215/60/16 AUSTONE,2,21000,0,0,0,42000,Credit Sales,11
6/11/2021,HLX PLUS RED TVS MOTORCYCLE,1,315000,0,0,0,315000,Cash,11
6/11/2021,HLX PLUS RED TVS MOTORCYCLE,1,320000,0,320000,0,320000,Credit Sales,11
6/11/2021,HLX PLUS RED TVS MOTORCYCLE,1,320000,0,320000,0,320000,Cash,11
6/11/2021,HLX PLUS BLACK TVS MOTORCYCLE,1,305000,0,305000,0,305000,Cash,11
6/11/2021,BM-100 RED BOXER BAJAJ,1,325000,0,325000,0,325000,Cash,11
6/11/2021,185/70/14 BOTO,2,14500,0,0,0,29000,Cash,11
6/11/2021,215/60/16 BOTO,2,20000,0,152500,0,40000,Cash,11
6/11/2021,185/70/14 BOTO,2,15000,0,0,30000,30000,Transfer,11
6/11/2021,215/60/16 BOTO,2,20000,0,0,0,40000,Others,11
6/11/2021,185/70/14 BOTO,2,14500,0,0,0,29000,Others,11
6/11/2021,185/70/14 WINDA,2,14500,0,68000,190000,29000,Others,11
6/11/2021,205/65/15 CACHLAND,2,17500,0,0,0,35000,Cash,11
6/11/2021,205/60/16 CACHLAND,2,18000,0,0,0,36000,Cash,11
6/11/2021,185/14C SUNFULL,2,20000,0,0,0,40000,Cash,11
6/11/2021,205/65/15 BOTO,2,18500,0,0,0,37000,Cash,11
8/11/2021,CAR110-80 RED CARGO WINNER,1,310000,0,0,310000,310000,Transfer,11
8/11/2021,HLX PLUS BLACK TVS MOTORCYCLE,1,310000,0,0,310000,310000,Transfer,11
8/11/2021,HLX PLUS BLUE TVS MOTORCYCLE,1,320000,0,0,320000,320000,Credit Sales,11
8/11/2021,BM-100 RED BOXER BAJAJ,1,321000,0,0,0,321000,Transfer,11
8/11/2021,HLX PLUS BLACK TVS MOTORCYCLE,1,307000,0,0,0,307000,Transfer,11
8/11/2021,185/70/14 BOTO,2,14500,0,0,0,29000,Transfer,11
8/11/2021,215/60/16 SUNFULL,2,18500,0,0,0,37000,Transfer,11
9/11/2021,BM-100 RED BOXER BAJAJ,1,327000,0,0,1308000,327000,Cheque,11
9/11/2021,110-19 WHITE JINCHENG LADIES,1,312000,0,312000,0,312000,Cash,11
9/11/2021,HLX PLUS RED TVS MOTORCYCLE,1,324000,0,324000,0,324000,Cash,11
9/11/2021,205/60/16 CACHLAND,2,18000,0,0,0,36000,Others,11
9/11/2021,155/12C TORQUE..,2,12000,0,54000,30000,24000,Cash,11
9/11/2021,195/14C TORQUE..,2,21000,0,0,0,42000,Cash,11
9/11/2021,205/65/15 ONYX,2,17500,0,0,0,35000,Cash,11
9/11/2021,225/55/17 FORTUNE,2,22000,0,0,0,44000,Cash,11
9/11/2021,185/70/14 WINDA,2,14500,0,630000,0,29000,Cash,11
10/11/2021,BM-100 RED BOXER BAJAJ,1,325000,0,325000,0,325000,Cash,11
10/11/2021,HLX PLUS BLUE TVS MOTORCYCLE,1,320000,0,320000,0,320000,Cash,11
10/11/2021,110 - 19V WHITE JINCHENG LADIES,1,330000,0,330000,0,330000,Cash,11
10/11/2021,195/65/15 CACHLAND,2,16000,0,0,160000,32000,Cash,11
10/11/2021,225/55/17 FORTUNE,2,23000,0,5000,92000,46000,Others,11
10/11/2021,185/70/14 AUSTONE,2,14600,0,0,0,29200,Cash,11
10/11/2021,195/65/15 CACHLAND,2,16000,0,0,0,32000,Cash,11
11/11/2021,HLX PLUS RED TVS MOTORCYCLE,1,322000,0,0,0,322000,Credit Sales,11
11/11/2021,HLX PLUS RED TVS MOTORCYCLE,1,325000,0,325000,0,325000,Cash,11
11/11/2021,110-19 BLACK JINCHENG LADIES,1,315000,0,315000,0,315000,Cash,11
11/11/2021,BM-100 RED BOXER BAJAJ,1,339000,0,339000,0,339000,Cash,11
11/11/2021,BM-100 RED BOXER BAJAJ,1,339000,0,339000,0,339000,Cash,11
11/11/2021,185/70/14 AUSTONE,2,14600,0,0,0,29200,Credit Sales,11
11/11/2021,205/65/15 ROADX,2,17500,0,0,0,35000,Credit Sales,11
11/11/2021,185/70/14 WINDA,2,14500,0,0,184000,29000,Credit Sales,11
11/11/2021,205/60/16 CACHLAND,2,18000,0,0,0,36000,Transfer,11
11/11/2021,185/70/14 WINDA,2,14500,0,0,0,29000,Transfer,11
11/11/2021,195/15C SUNFULL,1,24000,0,0,125000,24000,Transfer,11
11/11/2021,185/70/14 WINDA,2,14500,0,0,0,29000,Cash,11
11/11/2021,205/65/15 ROADX,2,17500,0,40000,280000,35000,Cash,11
12/11/2021,BM-100 RED BOXER BAJAJ,1,345000,0,345000,0,345000,Cash,11
12/11/2021,BM-100 RED BOXER BAJAJ,1,340000,0,340000,0,340000,Cash,11
12/11/2021,BM-100 RED BOXER BAJAJ,1,345000,0,345000,0,345000,Cash,11
12/11/2021,215/60/16 BOTO,2,20000,0,0,0,40000,Cash,11
12/11/2021,245/40/18 BOTO,2,25500,0,0,0,51000,Cash,11
12/11/2021,185/70/14 AUSTONE,2,14600,0,947000,0,29200,Cash,11
12/11/2021,185/70/14 AUSTONE,2,14700,0,0,0,29400,Others,11
12/11/2021,185/70/14 AUSTONE,2,14600,0,0,0,29200,Cash,11
12/11/2021,185/70/14 WINDA,2,14500,0,0,0,29000,Cash,11
12/11/2021,215/60/16 BOTO,2,20000,0,25400,200000,40000,Cash,11
12/11/2021,185/70/14 AUSTONE,2,15500,0,31000,0,31000,Cash,11
11/13/2021,HLX PLUS BLACK TVS MOTORCYCLE,1,307000,0,0,0,307000,Credit Sales,11
11/13/2021,110 - 19V BLACK JINCHENG LADIES,1,330000,0,0,0,330000,Credit Sales,11
11/13/2021,MNL - 125 RED MUSHMIN CG,1,280000,0,0,0,280000,Credit Sales,11
11/13/2021,HLX PLUS BLUE TVS MOTORCYCLE,1,307000,0,0,0,307000,Credit Sales,11
11/13/2021,BM-100 RED BOXER BAJAJ,1,325000,0,0,1625000,325000,Cash,11
11/13/2021,205/65/15 BOTO,2,18500,0,0,0,37000,Cash,11
11/13/2021,185/70/14 BOTO,2,14500,0,53000,55500,29000,Cash,11
11/13/2021,155/12C TORQUE..,2,12000,0,0,0,24000,Transfer,11
11/13/2021,225/70/16 AUSTONE,2,26500,0,0,346000,53000,Transfer,11
11/13/2021,185/65/15 BOTO,2,16000,0,0,0,32000,Cash,11
11/13/2021,225/50/17 BOTO,2,22500,0,0,0,45000,Cash,11
11/13/2021,235/65/17 BOTO,2,28000,0,0,0,56000,Cash,11
11/13/2021,245/40/18 BOTO,2,25000,0,0,0,50000,Cash,11
11/13/2021,185/14C BOTO,2,21000,0,0,0,42000,Cash,11
11/13/2021,185/70/14 AUSTONE,2,14700,0,0,0,29400,Cash,11
11/15/2021,BM-100 RED BOXER BAJAJ,1,335000,0,0,0,335000,Credit Sales,11
11/15/2021,BM-100 RED BOXER BAJAJ,1,324000,0,0,0,324000,Credit Sales,11
11/15/2021,BM-100 RED BOXER BAJAJ,1,345000,0,345000,0,345000,Cash,11
11/15/2021,BM-100 RED BOXER BAJAJ,1,333000,0,0,0,333000,Credit Sales,11
11/15/2021,BM-100 RED BOXER BAJAJ,1,335000,0,0,0,335000,Credit Sales,11
11/15/2021,155/12C TORQUE..,2,12000,0,0,0,24000,Credit Sales,11
11/15/2021,205/65/15 BOTO,2,19000,0,76000,0,38000,Cash,11
11/15/2021,215/60/16 SUNFULL,3,18500,0,0,0,55500,Cash,11
11/15/2021,195/65/15 ONYX,2,16500,0,0,0,33000,Cash,11
11/15/2021,205/65/15 BOTO,1,18500,0,150000,173500,18500,Cash,11
11/15/2021,195/65/15 ONYX,2,16500,0,0,0,33000,Transfer,11
11/16/2021,HLX PLUS BLACK TVS MOTORCYCLE,1,307000,0,0,0,307000,Credit Sales,11
11/16/2021,BM-100 RED BOXER BAJAJ,1,332000,0,0,0,332000,Credit Sales,11
11/16/2021,BM-100 RED BOXER BAJAJ,1,325000,0,0,0,325000,Credit Sales,11
11/16/2021,205/60/16 CACHLAND,2,18000,0,0,0,36000,Transfer,11
11/16/2021,195/70/14 RAPID,2,16000,0,0,0,32000,Transfer,11
11/16/2021,205/60/16 BOTO,2,19000,0,0,0,38000,Transfer,11
11/16/2021,225/55/17 CACHLAND,2,22000,0,0,0,44000,Transfer,11
11/17/2021,HLX PLUS BLACK TVS MOTORCYCLE,1,308000,0,308000,0,308000,Cash,11
11/17/2021,HLX PLUS BLACK TVS MOTORCYCLE,1,307000,0,0,0,307000,Credit Sales,11
11/17/2021,BM-100 RED BOXER BAJAJ,1,340000,0,0,0,340000,Credit Sales,11
11/17/2021,215/60/16 BOTO,2,20000,0,0,0,40000,Credit Sales,11
11/17/2021,225/60/16 BOTO,2,22000,0,0,0,44000,Credit Sales,11
11/17/2021,195/70/14 WINDA,2,16500,3000,0,0,30000,Credit Sales,11
11/17/2021,155/12C TORQUE..,2,12000,0,0,0,24000,Cash,11
11/17/2021,205/65/15 BOTO,2,18500,0,101000,130000,37000,Cash,11
11/17/2021,195/70/14 AUSTONE,2,17000,0,0,0,34000,Cash,11
11/17/2021,195/70/14 WINDA,2,16500,0,0,0,33000,Cash,11
11/17/2021,185/70/14 CACHLAND,2,13700,0,0,0,27400,Cash,11
11/18/2021,TVS KING TVS TRICYCLE,1,985000,0,500000,1471500,985000,Cash,11
11/18/2021,TVS KING TVS TRICYCLE,1,985000,0,500000,1471500,985000,Credit Sales,11
11/18/2021,BM-100 RED BOXER BAJAJ,1,342000,0,342000,0,342000,Cash,11
11/18/2021,HLX PLUS BLACK TVS MOTORCYCLE,1,311000,0,0,0,311000,Others,11
11/18/2021,CAR110-80 RED CARGO WINNER,1,300000,0,0,0,300000,Cash,11
11/18/2021,HLX PLUS BLACK TVS MOTORCYCLE,1,310000,0,310000,0,310000,Cash,11
11/18/2021,BM-100 RED BOXER BAJAJ,1,340000,0,0,0,340000,Credit Sales,11
11/18/2021,205/65/15 CACHLAND,2,17500,0,70000,0,35000,Cash,11
11/18/2021,185/70/14 AUSTONE,2,14700,0,0,0,29400,Credit Sales,11
11/18/2021,195/65/15 BOTO,2,16500,0,132000,0,33000,Cash,11
11/18/2021,215/60/16 AUSTONE,3,21000,0,0,0,63000,Others,11
11/18/2021,205/65/15 AUSTONE,3,19000,0,0,0,57000,Others,11
11/18/2021,185/70/14 BOTO,2,14500,0,0,0,29000,Others,11
11/19/2021,BM-100 RED BOXER BAJAJ,1,333000,0,0,0,333000,Credit Sales,11
11/19/2021,BM-100 RED BOXER BAJAJ,1,340000,0,0,0,340000,Transfer,11
11/19/2021,HLX PLUS BLACK TVS MOTORCYCLE,1,311000,0,0,0,311000,Transfer,11
11/19/2021,BM-100 RED BOXER BAJAJ,1,340000,0,0,0,340000,Transfer,11
11/19/2021,185/70/14 BOTO,2,14500,0,130500,0,29000,Cash,11
11/19/2021,195/15C SUNFULL,2,24000,0,0,0,48000,Credit Sales,11
11/19/2021,215/60/16 BOTO,2,21000,0,23000,145000,42000,Cash,11
11/19/2021,185/70/14 BOTO,2,14500,0,0,0,29000,Cash,11
11/19/2021,205/60/16 BOTO,2,19000,0,0,0,38000,Cash,11
11/19/2021,185/70/14 WINDA,2,14500,0,0,0,29000,Cash,11
11/20/2021,BM-100 RED BOXER BAJAJ,1,330000,0,0,0,330000,Credit Sales,11
11/20/2021,BM-100 RED BOXER BAJAJ,1,340000,0,340000,0,340000,Cash,11
11/20/2021,BM-100 RED BOXER BAJAJ,1,340000,0,340000,0,340000,Cash,11
11/20/2021,BM-100 RED BOXER BAJAJ,1,337000,0,0,0,337000,Credit Sales,11
11/20/2021,BM-100 RED BOXER BAJAJ,1,340000,0,340000,0,340000,Credit Sales,11
11/20/2021,195/65/15 BOTO,2,16500,0,0,330000,33000,Transfer,11
11/20/2021,185/70/14 BOTO,2,14500,0,0,0,29000,Cash,11
11/20/2021,225/45/17 BOTO,1,22000,0,167000,0,22000,Cash,11
11/20/2021,185/70/14 BOTO,2,14500,0,0,0,29000,Transfer,11
11/20/2021,195/65/15 BOTO,2,16500,0,0,211000,33000,Transfer,11
11/20/2021,195/65/15 SUNFULL,2,16000,0,0,0,32000,Cash,11
11/22/2021,BM-100 RED BOXER BAJAJ,1,345000,0,345000,0,345000,Cash,11
11/22/2021,BM-100 RED BOXER BAJAJ,1,340000,0,340000,0,340000,Cash,11
11/22/2021,BM-100 RED BOXER BAJAJ,1,340000,0,340000,0,340000,Cash,11
11/22/2021,BM-100 RED BOXER BAJAJ,1,340000,0,340000,0,340000,Cash,11
11/22/2021,BM-100 RED BOXER BAJAJ,1,338000,0,0,0,338000,Credit Sales,11
11/22/2021,185/70/14 ONYX,2,13700,0,0,0,27400,Cash,11
11/22/2021,185/65/15 BOTO,2,16000,0,0,0,32000,Cash,11
11/22/2021,205/65/15 CACHLAND,2,17500,0,146000,89600,35000,Cash,11
11/22/2021,185/70/14 ONYX,2,13700,0,0,0,27400,Cash,11
11/23/2021,BM-100 RED BOXER BAJAJ,1,337000,0,0,0,337000,Credit Sales,11
11/23/2021,BM-100 RED BOXER BAJAJ,1,344000,0,344000,0,344000,Cash,11
11/23/2021,BM-100 RED BOXER BAJAJ,1,335000,0,0,0,335000,Cash,11
11/23/2021,BM-100 RED BOXER BAJAJ,1,350000,0,350000,0,350000,Cash,11
11/23/2021,BM-100 RED BOXER BAJAJ,1,348000,0,348000,0,348000,Cash,11
11/23/2021,185/70/14 AUSTONE,2,15200,0,0,0,30400,Others,11
11/23/2021,185/70/14 BOTO,2,14500,0,100000,255000,29000,Others,11
11/23/2021,185/70/14 ONYX,2,13700,0,0,0,27400,Transfer,11
11/23/2021,185/70/14 AUSTONE,2,15300,0,0,0,30600,Transfer,11
11/23/2021,195/70/14 BOTO,2,17000,0,0,787000,34000,Transfer,11
11/23/2021,185/70/14 ONYX,2,13700,0,0,0,27400,Cash,11
11/23/2021,185/65/15 BOTO,2,16000,0,0,0,32000,Cash,11
11/23/2021,195/65/15 BOTO,2,16500,0,140000,67600,33000,Cash,11
11/23/2021,195/70/14 BOTO,2,16500,0,99000,0,33000,Cash,11
11/23/2021,235/70/16 AUSTONE,2,30000,0,0,0,60000,Credit Sales,11
11/24/2021,BM-100 RED BOXER BAJAJ,1,350000,0,350000,0,350000,Cash,11
11/24/2021,110 - 19V WHITE JINCHENG LADIES,1,330000,0,0,0,330000,Transfer,11
11/24/2021,110-19 BLACK JINCHENG LADIES,1,310000,0,0,0,310000,Transfer,11
11/24/2021,BM-100 RED BOXER BAJAJ,1,345000,0,0,0,345000,Transfer,11
11/24/2021,185/70/14 BOTO,2,14700,0,0,3675000,29400,Transfer,11
11/24/2021,205/65/15 GREENLANDER,2,17500,0,0,0,35000,Cash,11
11/24/2021,185/70/14 BOTO,2,14500,0,0,0,29000,Cash,11
11/24/2021,185/70/14 ONYX,2,13700,0,125000,92000,27400,Cash,11
11/24/2021,205/60/16 BOTO,2,19000,0,0,0,38000,Cash,11
11/24/2021,185/70/14 WINDA,2,14500,0,250000,85000,29000,Cash,11
11/24/2021,185/70/14 CACHLAND,2,13700,0,0,0,27400,Cash,11
11/24/2021,185/70/14 BOTO,2,14700,0,227200,0,29400,Cash,11
11/25/2021,110 - 19V WHITE JINCHENG LADIES,1,330000,0,0,330000,330000,Transfer,11
11/25/2021,HLX PLUS BLACK TVS MOTORCYCLE,1,320000,0,320000,0,320000,Cash,11
11/25/2021,110-19 BLACK JINCHENG LADIES,1,310000,0,0,0,310000,Credit Sales,11
11/25/2021,195/70/14 AUSTONE,2,17000,0,170000,0,34000,Cash,11
11/25/2021,205/65/15 BOTO,2,18500,0,0,0,37000,Cash,11
11/26/2021,110 - 19V WHITE JINCHENG LADIES,1,330000,0,0,0,330000,Credit Sales,11
11/26/2021,BM-100 RED BOXER BAJAJ,1,344000,0,0,0,344000,Cash,11
11/26/2021,BM-100 RED BOXER BAJAJ,1,342000,0,0,0,342000,Cash,11
11/26/2021,110-19 RED/BLACK JINCHENG,1,305000,0,0,0,305000,Cash,11
11/26/2021,110-19 WHITE JINCHENG LADIES,1,305000,0,0,4957000,305000,Cash,11
11/26/2021,185/70/14 ONYX,2,13700,0,27400,0,27400,Cash,11
11/26/2021,205/60/16 BOTO,2,19000,0,76000,0,38000,Transfer,11
11/26/2021,185/70/14 WINDA,2,14500,0,0,0,29000,Cash,11
11/26/2021,195/65/15 WINDA,2,16500,0,0,0,33000,Cash,11
11/26/2021,185/65/15 WINDA,2,16000,0,470000,0,32000,Cash,11
11/26/2021,195/70/14 WINDA,2,16500,0,0,0,33000,Cash,11
11/27/2021,BM-100 RED BOXER BAJAJ,1,350000,0,0,0,350000,Credit Sales,11
11/27/2021,BM-100 RED BOXER BAJAJ,1,352000,0,352000,0,352000,Cash,11
11/27/2021,BM-100 RED BOXER BAJAJ,1,357000,0,357000,0,357000,Cash,11
11/27/2021,BM-100 RED BOXER BAJAJ,1,355000,0,355000,0,355000,Cash,11
11/27/2021,HLX PLUS BLACK TVS MOTORCYCLE,1,329000,0,329000,0,329000,Cash,11
11/27/2021,205/65/15 SUNFULL,2,19000,0,19000,0,38000,Transfer,11
11/27/2021,195/15C SUNFULL,2,24500,0,0,0,49000,Cash,11
11/27/2021,185/70/13 BOTO,2,13500,0,0,125000,27000,Cash,11
11/27/2021,205/65/15 GREENLANDER,2,17500,0,0,0,35000,Transfer,11
11/27/2021,205/65/15 WINDA,2,18500,0,0,0,37000,Transfer,11
11/27/2021,185/70/14 WINDA,2,14700,0,0,237800,29400,Transfer,11
11/27/2021,195/65/15 CACHLAND,2,16000,0,64000,0,32000,Cash,11
11/27/2021,225/50/17 WINDA,2,22000,0,0,0,44000,Others,11
11/29/2021,TVS KING TVS TRICYCLE,1,990000,0,944000,46000,990000,Cash,11
11/29/2021,TVS KING TVS TRICYCLE,1,995000,0,995000,0,995000,Cash,11
11/29/2021,TVS KING TVS TRICYCLE,1,995000,0,0,0,995000,Cash,11
11/29/2021,TVS KING TVS TRICYCLE,1,995000,0,45000,1945000,995000,Cash,11
11/29/2021,TVS KING TVS TRICYCLE,1,995000,0,45000,1945000,995000,Cash,11
11/29/2021,TVS KING TVS TRICYCLE,1,995000,0,45000,995000,995000,Transfer,11
11/29/2021,TVS KING TVS TRICYCLE,1,993000,0,0,0,993000,Cash,11
11/29/2021,TVS KING TVS TRICYCLE,1,1030000,0,0,1030000,1030000,Transfer,11
11/29/2021,TVS KING TVS TRICYCLE,1,995000,0,0,995000,995000,Transfer,11
11/29/2021,TVS KING TVS TRICYCLE,1,990000,0,5000,985000,990000,Cash,11
11/29/2021,BM-100 RED BOXER BAJAJ,1,350000,0,350000,0,350000,Cash,11
11/29/2021,BM-100 RED BOXER BAJAJ,1,340000,0,0,0,340000,Credit Sales,11
11/29/2021,185/70/14 AUSTONE,2,15500,0,0,31000,31000,Transfer,11
11/29/2021,185/70/14 AUSTONE,0,15500,0,0,0,0,Others,11
11/29/2021,205/65/15 GREENLANDER,2,17500,0,0,0,35000,Cash,11
11/29/2021,205/60/16 SUNFULL,2,18000,0,0,0,36000,Others,11
11/30/2021,RE-4S BAJAJ TRICYCLE,1,880000,0,0,890000,880000,Transfer,11
11/30/2021,HLX PLUS BLACK TVS MOTORCYCLE,1,318000,0,0,0,318000,Credit Sales,11
11/30/2021,HLX PLUS BLACK TVS MOTORCYCLE,1,318000,0,0,0,318000,Credit Sales,11
11/30/2021,HLX PLUS BLACK TVS MOTORCYCLE,1,325000,0,0,325000,325000,Transfer,11
11/30/2021,HLX PLUS BLACK TVS MOTORCYCLE,1,325000,0,200000,125000,325000,Cash,11
11/30/2021,BM-100 RED BOXER BAJAJ,1,345000,0,345000,0,345000,Credit Sales,11
11/30/2021,185/70/14 BOTO,2,14700,0,0,0,29400,Cash,11
11/30/2021,205/65/15 GREENLANDER,2,17500,0,0,0,35000,Cash,11
11/30/2021,205/65/15 WINDA,2,18500,0,0,0,37000,Cash,11
11/30/2021,205/65/15 BOTO,2,18500,0,128000,69200,37000,Cash,11
1/12/2021,HLX PLUS BLACK TVS MOTORCYCLE,1,318000,0,0,0,318000,Cash,12
1/12/2021,HLX PLUS BLUE TVS MOTORCYCLE,1,328000,0,0,0,328000,Cash,12
1/12/2021,BM-100 RED BOXER BAJAJ,1,345000,0,0,0,345000,Others,12
1/12/2021,HLX PLUS BLACK TVS MOTORCYCLE,1,323000,0,323000,0,323000,Cash,12
1/12/2021,185/70/14 BOTO,2,14700,0,0,0,29400,Credit Sales,12
1/12/2021,205/65/15 GREENLANDER,2,17500,0,0,0,35000,Credit Sales,12
1/12/2021,195/65/15 WINDA,2,16500,0,0,0,33000,Transfer,12
1/12/2021,185/70/14 ONYX,3,13700,0,107100,0,41100,Transfer,12
2/12/2021,BM-100 RED BOXER BAJAJ,1,343000,0,10290000,0,343000,Cash,12
2/12/2021,BM-100 RED BOXER BAJAJ,1,348000,0,348000,0,348000,Credit Sales,12
2/12/2021,BM-100 RED BOXER BAJAJ,1,348000,0,0,0,348000,Transfer,12
2/12/2021,HLX PLUS BLACK TVS MOTORCYCLE,1,332000,0,332000,0,332000,Cash,12
2/12/2021,110-19 BLACK JINCHENG LADIES,1,312000,0,0,0,312000,Credit Sales,12
2/12/2021,205/60/16 BOTO,1,22000,0,0,22000,22000,Cash,12
2/12/2021,185/70/14 WINDA,2,14700,0,0,0,29400,Transfer,12
2/12/2021,205/65/15 WINDA,1,18500,0,0,0,18500,Transfer,12
2/12/2021,205/65/15 BOTO,2,18500,0,0,276000,37000,Transfer,12
2/12/2021,225/45/17 TORQUE..,2,22500,0,90000,0,45000,Cash,12
2/12/2021,205/60/16 WINDA,2,19000,0,0,0,38000,Credit Sales,12
2/12/2021,215/60/16 WINDA,2,20500,0,0,0,41000,Credit Sales,12
2/12/2021,185/70/14 WINDA,2,14700,0,0,0,29400,Cash,12
2/12/2021,205/65/15 BOTO,2,18500,0,0,0,37000,Cash,12
2/12/2021,185/70/14 ONYX,2,13700,0,211400,0,27400,Cash,12
3/12/2021,BM-100 RED BOXER BAJAJ,1,352000,0,352000,0,352000,Cash,12
3/12/2021,HLX PLUS (ES) RED TVS M/C,1,343000,0,343000,0,343000,Transfer,12
3/12/2021,HLX PLUS RED TVS MOTORCYCLE,1,334000,0,334000,0,334000,Cash,12
3/12/2021,HLX PLUS BLUE TVS MOTORCYCLE,1,333000,0,333000,0,333000,Cash,12
3/12/2021,205/65/15 CACHLAND,2,19500,0,39000,0,39000,Cash,12
3/12/2021,185/70/14 ONYX,2,13700,0,0,137000,27400,Transfer,12
4/12/2021,BM-100 RED BOXER BAJAJ,1,345000,0,0,0,345000,Cash,12
4/12/2021,BM-100 RED BOXER BAJAJ,1,340000,0,0,1370000,340000,Cash,12
4/12/2021,BM-100 RED BOXER BAJAJ,1,350000,0,350000,0,350000,Cash,12
4/12/2021,HLX PLUS (ES) BLACK TVS M/C,1,340000,0,340000,0,340000,Transfer,12
4/12/2021,BM-100 RED BOXER BAJAJ,1,345000,0,0,0,345000,Cash,12
4/12/2021,245/55/19 WINDA,2,36000,0,0,0,72000,Credit Sales,12
4/12/2021,255/50/19 WINDA,2,36000,0,0,0,72000,Credit Sales,12
4/12/2021,215/60/16 WINDA,2,21000,0,0,0,42000,Credit Sales,12
4/12/2021,205/65/15 GREENLANDER,2,17500,0,0,447000,35000,Credit Sales,12
4/12/2021,185/65/15 BOTO,3,16000,0,0,0,48000,Transfer,12
4/12/2021,185/70/14 ONYX,2,13700,0,0,0,27400,Transfer,12
4/12/2021,205/65/15 WINDA,2,18500,0,0,0,37000,Transfer,12
4/12/2021,185/70/14 WINDA,2,15000,0,46900,164000,30000,Transfer,12
6/12/2021,TVS KING TVS TRICYCLE,1,995000,0,0,995000,995000,Transfer,12
6/12/2021,BM-100 RED BOXER BAJAJ,1,353000,0,0,0,353000,Cash,12
6/12/2021,BM-100 RED BOXER BAJAJ,1,353000,0,0,0,353000,Cash,12
6/12/2021,BM-100 RED BOXER BAJAJ,1,353000,0,0,0,353000,Credit Sales,12
6/12/2021,BM-100 RED BOXER BAJAJ,1,353000,0,706000,0,353000,Cash,12
6/12/2021,HLX PLUS BLACK TVS MOTORCYCLE,1,328000,0,0,0,328000,Credit Sales,12
6/12/2021,185/70/14 WINDA,2,15000,0,0,0,30000,Cash,12
6/12/2021,205/65/15 BOTO,2,18500,0,268000,167500,37000,Cash,12
7/12/2021,BM-100 RED BOXER BAJAJ,1,352000,0,0,0,352000,Cash,12
7/12/2021,HLX PLUS BLACK TVS MOTORCYCLE,1,328000,0,0,0,328000,Cash,12
7/12/2021,BM-100 RED BOXER BAJAJ,1,360000,0,360000,0,360000,Credit Sales,12
7/12/2021,BM-100 RED BOXER BAJAJ,1,363000,0,0,0,363000,Cash,12
7/12/2021,BM-100 RED BOXER BAJAJ,1,355000,0,355000,0,355000,Cash,12
7/12/2021,185/70/14 WINDA,2,15000,0,63000,87000,30000,Credit Sales,12
7/12/2021,185/65/15 WINDA,2,16000,0,0,0,32000,Transfer,12
7/12/2021,195/70/14 BOTO,3,16500,0,0,0,49500,Transfer,12
7/12/2021,185/70/14 WINDA,3,15000,0,0,0,45000,Transfer,12
8/12/2021,BM-100 RED BOXER BAJAJ,1,365000,0,365000,0,365000,Cash,12
8/12/2021,HLX PLUS (ES) RED TVS M/C,1,345000,0,345000,0,345000,Cash,12
8/12/2021,BM-100 RED BOXER BAJAJ,1,360000,0,360000,0,360000,Cash,12
8/12/2021,BM-100 RED BOXER BAJAJ,1,360000,0,360000,0,360000,Cash,12
8/12/2021,BM-100 RED BOXER BAJAJ,1,360000,0,360000,0,360000,Cash,12
8/12/2021,205/65/15 WINDA,0,18500,0,0,0,0,Others,12
8/12/2021,265/65/17 BOTO,2,37000,0,0,0,74000,Transfer,12
8/12/2021,255/70/15 AUSTONE,2,35000,0,0,288000,70000,Transfer,12
8/12/2021,205/65/15 GREENLANDER,2,17500,0,0,0,35000,Cash,12
8/12/2021,205/65/15 CACHLAND,2,17500,0,0,0,35000,Cash,12
8/12/2021,185/70/14 WINDA,2,15000,0,34000,136000,30000,Cash,12
9/12/2021,HLX PLUS BLUE TVS MOTORCYCLE,1,340000,0,0,0,340000,Credit Sales,12
9/12/2021,HLX PLUS RED TVS MOTORCYCLE,1,350000,0,350000,0,350000,Cash,12
9/12/2021,BM-100 RED BOXER BAJAJ,1,355000,0,355000,0,355000,Cash,12
9/12/2021,BM-100 RED BOXER BAJAJ,1,355000,0,0,0,355000,Credit Sales,12
9/12/2021,205/65/15 WINDA,2,18500,0,0,0,37000,Cash,12
9/12/2021,195/70/14 WINDA,2,16500,0,0,0,33000,Transfer,12
10/12/2021,BM-100 RED BOXER BAJAJ,1,355000,0,0,0,355000,Credit Sales,12
10/12/2021,110 - 19V BLACK JINCHENG LADIES,1,315000,0,315000,0,315000,Cash,12
10/12/2021,110-19 BLACK JINCHENG LADIES,1,315000,0,315000,0,315000,Cash,12
10/12/2021,BM-100 RED BOXER BAJAJ,1,358000,0,358000,0,358000,Cash,12
10/12/2021,BM-100 RED BOXER BAJAJ,1,358000,0,358000,0,358000,Cash,12
10/12/2021,195/15C SUNFULL,3,24500,0,0,73500,73500,Cash,12
10/12/2021,195/65/15 SUNFULL,1,16000,0,0,16000,16000,Transfer,12
11/12/2021,BM-100 RED BOXER BAJAJ,1,370000,0,370000,0,370000,Others,12
11/12/2021,BM-100 RED BOXER BAJAJ,1,370000,0,0,0,370000,Cash,12
11/12/2021,BM-100 RED BOXER BAJAJ,1,370000,0,0,0,370000,Others,12
11/12/2021,HLX PLUS (ES) RED TVS M/C,1,355000,0,355000,0,355000,Cash,12
11/12/2021,BM-100 RED BOXER BAJAJ,1,360000,0,360000,0,360000,Cash,12
11/12/2021,195/65/15 BOTO,2,16500,0,0,165000,33000,Credit Sales,12
11/12/2021,195/70/14 WINDA,2,16500,0,0,0,33000,Cash,12
12/13/2021,TVS KING TVS TRICYCLE,1,1010000,0,0,1010000,1010000,Transfer,12
12/13/2021,BM-100 RED BOXER BAJAJ,1,360000,0,0,1080000,360000,Transfer,12
12/13/2021,HLX PLUS BLUE TVS MOTORCYCLE,1,329000,0,0,0,329000,Credit Sales,12
12/13/2021,HLX PLUS BLUE TVS MOTORCYCLE,1,329000,0,0,0,329000,Credit Sales,12
12/13/2021,HLX PLUS RED TVS MOTORCYCLE,1,345000,0,345000,0,345000,Cash,12
12/13/2021,HLX PLUS BLUE TVS MOTORCYCLE,1,330000,0,330000,0,330000,Cash,12
12/14/2021,BM-100 RED BOXER BAJAJ,1,365000,0,0,0,365000,Credit Sales,12
12/14/2021,BM-100 RED BOXER BAJAJ,1,360000,0,0,0,360000,Credit Sales,12
12/14/2021,HLX PLUS BLUE TVS MOTORCYCLE,1,335000,0,335000,0,335000,Others,12
12/14/2021,225/70/16 AUSTONE,2,27500,0,10000,100000,55000,Others,12
12/14/2021,205/65/15 BOTO,2,18500,0,0,0,37000,Others,12
12/14/2021,205/65/15 WINDA,2,18500,0,0,0,37000,Others,12
12/14/2021,195/65/15 BOTO,2,16500,0,0,0,33000,Others,12
12/14/2021,185/70/14 AUSTONE,1,15500,0,0,0,15500,Others,12
12/14/2021,185/70/14 WINDA,2,15000,0,0,0,30000,Others,12
12/14/2021,205/65/15 BOTO,0,18500,0,0,0,0,Cash,12
12/14/2021,205/65/15 WINDA,0,18500,0,0,0,0,Cash,12
12/14/2021,195/65/15 BOTO,0,16500,0,0,0,0,Cash,12
12/14/2021,185/70/14 AUSTONE,0,15500,0,0,0,0,Cash,12
12/15/2021,RE-4S BAJAJ TRICYCLE,1,885000,0,0,0,885000,Cash,12
12/15/2021,RE-4S BAJAJ TRICYCLE,1,930000,0,0,930000,930000,Transfer,12
12/15/2021,RE-4S BAJAJ TRICYCLE,1,885000,0,0,885000,885000,Transfer,12
12/15/2021,RE-4S BAJAJ TRICYCLE,1,880000,0,880000,0,880000,Cash,12
12/15/2021,TVS KING TVS TRICYCLE,1,1030000,0,0,0,1030000,Others,12
12/15/2021,RE-4S BAJAJ TRICYCLE,1,880000,0,0,0,880000,Others,12
12/15/2021,TVS KING TVS TRICYCLE,1,1028000,0,1028000,0,1028000,Cash,12
12/15/2021,TVS KING TVS TRICYCLE,1,1030000,0,0,1030000,1030000,Transfer,12
12/15/2021,RE-4S BAJAJ TRICYCLE,1,880000,0,880000,0,880000,Cash,12
12/15/2021,RE-4S BAJAJ TRICYCLE,1,885000,0,0,885000,885000,Transfer,12
12/15/2021,110 - 19V BLACK JINCHENG LADIES,1,330000,0,0,0,330000,Credit Sales,12
12/15/2021,BM-100 RED BOXER BAJAJ,1,380000,0,0,0,380000,Others,12
12/15/2021,BM-100 RED BOXER BAJAJ,1,375000,0,0,375000,375000,Transfer,12
12/15/2021,BM-100 RED BOXER BAJAJ,1,387000,0,0,387000,387000,Credit Sales,12
12/15/2021,HLX PLUS BLUE TVS MOTORCYCLE,1,343000,0,0,0,343000,Transfer,12
12/16/2021,BM-100 RED BOXER BAJAJ,1,365000,0,365000,0,365000,Cash,12
12/16/2021,HLX PLUS RED TVS MOTORCYCLE,1,350000,0,350000,0,350000,Cash,12
12/16/2021,BM-100 RED BOXER BAJAJ,1,390000,0,390000,0,390000,Cash,12
12/16/2021,BM-100 RED BOXER BAJAJ,1,369000,0,369000,0,369000,Cash,12
12/16/2021,HLX PLUS BLACK TVS MOTORCYCLE,1,335000,0,335000,0,335000,Cash,12
12/16/2021,255/70/15 AUSTONE,2,35000,0,0,0,70000,Others,12
12/16/2021,185/65/14 WINDA,2,14000,0,0,0,28000,Others,12
12/16/2021,235/60/18 WINDA,2,28000,0,0,0,56000,Others,12
12/16/2021,255/55/19 WINDA,2,37000,0,0,0,74000,Others,12
12/16/2021,265/70/18 WINDA,2,35000,0,0,0,70000,Others,12
12/16/2021,235/65/18 RAPID,2,25000,0,0,0,50000,Others,12
12/17/2021,HLX PLUS BLACK TVS MOTORCYCLE,1,333000,0,0,0,333000,Credit Sales,12
12/17/2021,HLX PLUS BLACK TVS MOTORCYCLE,1,334000,0,334000,0,334000,Credit Sales,12
12/17/2021,110 - 19V BLACK JINCHENG LADIES,1,330000,0,330000,0,0,Credit Sales,12
12/17/2021,BM-100 RED BOXER BAJAJ,1,385000,0,0,0,385000,Transfer,12
12/17/2021,185/70/14 ONYX,2,13700,0,0,0,27400,Credit Sales,12
12/17/2021,205/65/15 BOTO,2,18500,0,80000,40800,37000,Credit Sales,12
12/18/2021,110 - 19V BLACK JINCHENG LADIES,1,330000,0,0,0,330000,Credit Sales,12
12/18/2021,HLX PLUS (ES) BLACK TVS M/C,1,360000,0,360000,0,360000,Cash,12
12/18/2021,BM-100 RED BOXER BAJAJ,1,388000,0,0,0,388000,Credit Sales,12
12/18/2021,110-19 WHITE JINCHENG LADIES,1,305000,0,0,0,305000,Transfer,12
12/18/2021,HLX PLUS BLUE TVS MOTORCYCLE,1,335000,0,0,0,335000,Credit Sales,12
12/18/2021,185/70/14 ONYX,2,13800,0,0,55200,27600,Credit Sales,12
12/18/2021,205/65/15 BOTO,2,18500,0,185000,0,37000,Cash,12
12/18/2021,235/55/18 BOTO,2,27000,0,108000,0,54000,Cash,12
12/18/2021,235/60/18 WINDA,2,28000,0,0,0,56000,Cash,12
12/18/2021,235/60/18 BOTO,2,28000,0,224000,0,56000,Cash,12
12/18/2021,205/65/15 BOTO,2,18500,0,185000,0,37000,Cash,12
12/18/2021,255/55/19 BOTO,2,37000,0,0,0,74000,Cash,12
12/18/2021,245/45/20 BOTO,2,31000,0,0,0,62000,Cash,12
12/20/2021,BM-100 RED BOXER BAJAJ,1,385000,0,385000,0,385000,Cash,12
12/20/2021,BM-100 RED BOXER BAJAJ,1,387000,0,0,0,387000,Credit Sales,12
12/20/2021,BM-100 RED BOXER BAJAJ,1,383000,0,0,0,383000,Credit Sales,12
12/20/2021,BM-100 RED BOXER BAJAJ,1,373000,0,0,0,373000,Credit Sales,12
12/20/2021,HLX PLUS BLACK TVS MOTORCYCLE,1,342000,0,0,0,342000,Credit Sales,12
12/20/2021,205/65/15 BOTO,2,18500,0,0,0,37000,Cash,12
12/20/2021,205/65/15 CACHLAND,2,17200,0,70000,75400,34400,Cash,12
12/21/2021,BM-100 RED BOXER BAJAJ,1,383000,0,383000,0,383000,Cash,12
12/21/2021,HLX PLUS BLACK TVS MOTORCYCLE,1,342000,0,0,0,342000,Cash,12
12/21/2021,HLX PLUS BLACK TVS MOTORCYCLE,1,348000,0,348000,0,348000,Credit Sales,12
12/21/2021,110 - 19V WHITE JINCHENG LADIES,1,330000,0,0,0,330000,Transfer,12
12/21/2021,205/60/16 CACHLAND,1,18000,0,18000,0,18000,Cash,12
12/21/2021,205/65/15 BOTO,2,18500,0,0,0,37000,Credit Sales,12
12/22/2021,HLX PLUS BLACK TVS MOTORCYCLE,1,350000,0,350000,0,350000,Cash,12
12/22/2021,HLX PLUS BLACK TVS MOTORCYCLE,1,360000,0,360000,0,360000,Cash,12
12/22/2021,HLX PLUS BLACK TVS MOTORCYCLE,1,357000,0,357000,0,357000,Transfer,12
12/22/2021,205/65/15 CACHLAND,2,17200,0,0,0,34400,Others,12
12/22/2021,205/65/15 BOTO,2,18500,0,0,0,37000,Others,12
12/22/2021,185/65/14 WINDA,1,14000,0,40000,79800,14000,Others,12
12/22/2021,205/60/16 AUSTONE,2,19500,0,0,0,39000,Cash,12
12/23/2021,110-19 WHITE JINCHENG LADIES,1,305000,0,0,0,305000,Credit Sales,12
12/23/2021,110-19 WHITE JINCHENG LADIES,1,305000,0,0,0,305000,Credit Sales,12
12/23/2021,110 - 19V RED/BLACK JINCHENG,1,330000,0,330000,0,0,Cash,12
12/23/2021,BM-100 RED BOXER BAJAJ,1,373000,0,373000,0,373000,Credit Sales,12
12/23/2021,110-19 BLACK JINCHENG LADIES,1,305000,0,0,0,305000,Cash,12
12/23/2021,195/65/15 SUNFULL,2,20000,0,0,40000,40000,Credit Sales,12
12/23/2021,205/65/15 BOTO,2,18500,0,0,185000,37000,Transfer,12
12/24/2021,BM-100 RED BOXER BAJAJ,1,380000,0,380000,0,380000,Cash,12
12/24/2021,BM-100 RED BOXER BAJAJ,1,390000,0,390000,0,390000,Cash,12
12/24/2021,HLX PLUS BLACK TVS MOTORCYCLE,1,350000,0,0,0,350000,Others,12
12/24/2021,HLX PLUS BLACK TVS MOTORCYCLE,1,350000,0,0,0,350000,Cash,12
12/24/2021,HLX PLUS (ES) BLACK TVS M/C,1,370000,0,370000,0,370000,Others,12
12/24/2021,205/60/16 AUSTONE,2,22000,0,0,0,44000,Cash,12
12/24/2021,235/55/18 BOTO,2,28000,0,112000,0,56000,Cash,12
12/24/2021,205/65/15 CACHLAND,2,17200,0,0,0,34400,Transfer,12
12/24/2021,205/65/15 BOTO,2,18500,0,60000,117200,37000,Others,12
12/24/2021,205/65/15 BOTO,2,18500,0,0,148000,37000,Cash,12
12/24/2021,205/65/15 BOTO,2,18500,0,74000,0,37000,Cash,12
12/29/2021,HLX PLUS BLACK TVS MOTORCYCLE,1,360000,0,0,0,360000,Cash,12
12/29/2021,HLX PLUS BLACK TVS MOTORCYCLE,1,360000,0,0,0,360000,Cash,12
12/29/2021,110-19 BLACK JINCHENG LADIES,1,310000,0,310000,0,310000,Cash,12
12/29/2021,BM-100 RED BOXER BAJAJ,1,390000,0,360000,30000,390000,Cash,12
12/29/2021,110-19 BLACK JINCHENG LADIES,1,310000,0,0,0,310000,Credit Sales,12
12/29/2021,205/65/15 BOTO,2,18500,0,0,0,37000,Cash,12
12/29/2021,205/65/15 CACHLAND,2,17200,0,253800,0,34400,Cash,12
12/30/2021,110-19 RED/BLACK JINCHENG,1,305000,0,0,915000,305000,Credit Sales,12
12/30/2021,110-19 RED/BLACK JINCHENG,1,308000,0,0,0,308000,Cash,12
12/30/2021,205/65/15 BOTO,2,18500,0,0,0,37000,Transfer,12
12/30/2021,205/65/15 CACHLAND,2,17200,0,179800,0,34400,Transfer,12
12/30/2021,185/65/14 WINDA,2,14000,0,0,0,28000,Cash,12
12/30/2021,205/65/15 CACHLAND,3,17200,0,0,0,51600,Cash,12
12/30/2021,205/65/15 BOTO,3,18500,0,135100,0,55500,Cash,12
12/30/2021,205/65/15 CACHLAND,2,17200,0,0,0,34400,Cash,12
12/30/2021,205/65/15 BOTO,2,18500,0,0,0,37000,Cash,12
12/30/2021,185/65/14 WINDA,2,14000,0,123500,47300,28000,Cash,12
12/30/2021,205/65/15 ONYX,2,17500,0,0,0,35000,Transfer,12
12/30/2021,205/65/15 BOTO,2,18500,0,124500,0,37000,Transfer,12
12/31/2021,HLX PLUS (ES) BLACK TVS M/C,1,370000,0,0,0,370000,Credit Sales,12
12/31/2021,HLX PLUS BLACK TVS MOTORCYCLE,1,355000,0,0,0,355000,Credit Sales,12
12/31/2021,BM-100 RED BOXER BAJAJ,1,387000,0,387000,0,387000,Transfer,12
12/31/2021,HLX PLUS BLACK TVS MOTORCYCLE,1,358000,0,358000,0,358000,Cash,12
